2820 4914
224 377 285 439 164
452 376 565 440 Quinti
585 375 721 443 Septimi
742 374 906 428 Florentis
925 372 1126 427 Tertulliani

221 551 279 614 illi
301 551 425 633 potius
450 554 587 614 metum
608 549 914 630 consecrandum,
939 550 1053 630 quiet
1074 567 1207 631 eorpus
1227 550 1261 611 θῖ
1279 547 1326 610 ani·
1378 590 1402 630 :r

220 673 315 718 mam
342 654 510 718 oooidere
538 657 573 717 θῖ
595 654 750 737 perdere
773 655 894 734 possit
916 653 952 717 in
975 653 1193 736 gehennam.
1231 652 1322 733 quinam
1382 692 1392 730 ·.

220 758 253 821 hi
276 759 370 822 solius
395 759 529 840 eorporis
553 759 801 841 interemptores,
824 759 885 821 nisi
907 758 1064 841 praesides
1095 760 1128 821 et
1154 775 1241 839 reges
1260 767 1323 836 supra
1378 746 1400 832 ’.ε

221 864 304 943 dicti,
328 863 472 926 homines
494 863 623 946 opinor?
658 864 725 944 quis
746 864 838 926 etiam
860 863 983 926 animae
999 862 1183 942 dominator,
1207 860 1324 925 nisinen
1380 896 1402 937 :-

182 993 194 1031 ⁵
221 968 326 1031 solus?
351 968 419 1048 quis
436 968 494 1030 iste
510 967 630 1050 ignium
646 967 861 1047 comminator,
878 966 939 1030 nisi
954 967 991 1046 is,
1013 967 1092 1029 sine
1109 966 1215 1029 onius
1231 965 1327 1028 noluo·
1383 974 1398 1040 3

220 1075 297 1135 tate
320 1090 386 1134 neo
409 1090 601 1153 passerum
624 1071 720 1135 alter
735 1071 770 1133 in
787 1074 923 1134 terram
940 1070 1054 1150 eadit,
1077 1070 1109 1132 id
1125 1073 1174 1133 est
1189 1068 1331 1133 neoaheu
1391 1092 1402 1132 ι

221 1195 256 1239 er
273 1175 392 1238 duabus
410 1174 610 1259 substantiis
626 1174 773 1254 hominis,
789 1193 859 1239 earo
877 1178 931 1238 aut
946 1175 1071 1238 anima?
1095 1175 1168 1255 quia
1188 1177 1219 1237 θῖ
1234 1172 1334 1254 oapilh-
1400 1207 1402 1210 ·

219 1299 290 1343 rum
306 1281 388 1362 apud
409 1299 480 1343 eum
495 1283 653 1365 ,regestus
671 1284 718 1343 θεῖ
733 1298 890 1343 numerus.
930 1279 1048 1343 nolite
1072 1296 1157 1361 ergo
1181 1281 1339 1354 metuere,

220 1402 292 1447 oum
315 1385 442 1466 insuper
465 1384 548 1463 dioit,
572 1385 699 1447 multis
722 1383 959 1469 passeribus,
979 1383 1190 1462 antistatis,
1214 1399 1273 1445 non
1290 1381 1342 1444 im·

169 1514 193 1553 ιο
220 1492 294 1568 stra,
312 1488 343 1550 id
365 1492 412 1551 est
432 1506 493 1551 non
510 1488 576 1550 sine
593 1489 801 1552 emolumento
817 1505 942 1551 oasnros
958 1487 989 1549 in
1010 1490 1133 1572 tenram
1161 1487 1347 1569 repromittit,

220 1593 247 1656 si
268 1593 366 1675 magis
388 1592 426 1655 ab
449 1591 627 1655 hominibus
650 1610 744 1673 quam
765 1610 783 1654 a
802 1593 858 1656 deo
882 1591 979 1655 oooidi
1002 1591 1185 1674 deligamus.
1222 1590 1351 1675 amnis]

220 1695 350 1779 igitur,
372 1696 484 1776 quiin
500 1716 555 1759 me
571 1696 766 1759 consessus
790 1696 906 1759 suerit
929 1713 1050 1759 eoram
1073 1694 1302 1774 hominibus,
1324 1697 1354 1757 θῖ

221 1818 286 1882 ego
310 1800 536 1885 confitebor,
558 1802 594 1864 in
617 1801 683 1864 illo
707 1818 827 1864 eoram
851 1804 955 1883 patre
979 1817 1072 1880 meo,
1100 1799 1220 1880 quiin
1243 1799 1354 1862 caelis

221 1908 286 1968 est.
326 1909 360 1968 et
380 1905 513 1984 omnis,
537 1905 598 1987 qui
619 1924 674 1968 me
695 1905 909 1989 negauerit,
928 1922 1048 1968 eoram
1069 1903 1302 1983 hominibus,
1325 1907 1358 1966 et

170 2033 194 2072 15
222 2026 286 2090 ego
310 2008 451 2091 negabo
475 2009 581 2072 illum
605 2027 726 2073 eoram
749 2012 854 2091 patre
878 2026 971 2088 meo,
994 2008 1056 2089 qui
1077 2008 1114 2071 in
1135 2007 1261 2092 caelis
1286 2010 1356 2092 est,

221 2113 396 2193 manifesta,
413 2116 448 2177 ut
463 2114 580 2196 opinor,
597 2113 733 2176 definitio
751 2116 781 2176 et
795 2113 875 2177 ratio
892 2116 940 2176 est
954 2116 1019 2176 tam
1035 2112 1240 2176 confessionis
1258 2130 1359 2196 quam

220 2217 413 2301 negationis,
438 2218 495 2280 etsi
519 2217 679 2299 dispositio
704 2217 827 2280 diuersa
850 2221 906 2280 est.
939 2217 990 2298 qui
1006 2236 1039 2280 se
1056 2216 1274 2280 Christianum
1289 2235 1359 2280 oon-

219 2320 343 2406 fitetup,
367 2321 493 2406 Christi,
516 2340 548 2385 se
573 2340 640 2385 esse
665 2325 807 2401 testatur,
832 2322 884 2403 qui
904 2321 1019 2385 Christi
1041 2325 1099 2398 est,
1123 2321 1156 2384 in
1173 2320 1299 2385 Christo
1321 2321 1361 2384 sit

219 2443 345 2488 neeesse
362 2428 417 2488 est.
451 2425 524 2489 siin
541 2424 664 2489 Christo
682 2429 738 2506 est,
758 2426 798 2512 ,in
815 2425 940 2490 Christo
955 2425 1072 2510 utique,
1087 2424 1265 2506 confitetur,
1290 2444 1360 2489 eum

168 2555 193 2593 oo
220 2548 252 2592 se
270 2522 480 2593 Christianum
501 2527 505 2612 i
526 2529 698 2593 confitetur.
736 2529 794 2593 hoo
817 2529 900 2592 euim
923 2548 985 2592 non
1008 2532 1211 2611 potestesse,
1237 2529 1301 2592 nisi
1323 2530 1363 2593 sit
1377 2533 1402 2589 tr

219 2632 251 2695 in
273 2632 403 2697 Christo.
450 2651 540 2715 porro
563 2634 595 2696 in
616 2632 739 2698 Christo
763 2633 938 2698 confitendo
955 2633 1113 2697 Christum
1137 2651 1263 2714 quoque
1287 2651 1360 2697 oon-

218 2736 333 2817 fitetur,
361 2738 413 2818 qui
441 2738 481 2800 sit
508 2738 540 2801 in
567 2738 644 2818 ipso,
672 2738 747 2800 dum
774 2738 895 2820 etipse
918 2738 950 2801 in
973 2737 1025 2802 illo
1049 2742 1106 2818 est,
1134 2741 1245 2820 utpote
1271 2737 1360 2802 Chri-

219 2842 348 2905 stianns.
395 2860 468 2905 narn
496 2845 527 2905 et
555 2843 582 2905 si
609 2843 691 2905 diem
719 2841 846 2923 dixeris,
872 2842 949 2905 lueis
977 2861 1043 2906 rem
1070 2842 1250 2924 ostendisti,
1280 2862 1359 2925 quae

219 2945 302 3008 diem
328 2949 477 3029 praestat,
505 2946 579 3010 lieet
606 2964 666 3009 non
696 2947 806 3009 dixeris
833 2948 944 3010 luoem.
991 2946 1036 3010 ita
1063 2947 1123 3011 etsi
1150 2965 1212 3010 non
1241 2947 1360 3012 direoto

166 3075 191 3114 25
218 3050 431 3129 pronuntiauit
466 3051 526 3131 qni
562 3070 616 3114 me
647 3050 841 3114 oonfessns
873 3051 1004 3131 fuerit,
1041 3069 1103 3115 non
1135 3055 1184 3115 est
1212 3051 1359 3116 diuersus

219 3157 306 3217 aetus
337 3155 534 3235 quotidianae
565 3155 765 3219 confessionis
798 3174 815 3218 a
843 3175 937 3219 sensu
968 3155 1141 3220 dominioae
1171 3157 1360 3238 pronuntia-

218 3258 320 3322 tionis.
367 3260 448 3340 quod
476 3260 558 3323 enim
587 3260 715 3341 estqui
743 3279 776 3323 se
804 3259 976 3341 confitetur,
1003 3260 1035 3322 id
1058 3263 1106 3323 est
1129 3259 1359 3341 Christianum,

320 3491 349 3560 5]
369 3491 619 3557 comunione.
673 3492 700 3562 θ]
720 3492 784 3546 ure
799 3496 839 3557 ro,
853 3495 894 3550 31.
950 3492 993 3562 11]
1013 3492 1076 3547 uro
1092 3496 1132 3558 ro,
1145 3494 1179 3548 32
1192 3509 1251 3562 sqq.

261 3711 406 3764 luiturum
425 3712 452 3762 et
469 3726 518 3765 orat
537 3712 564 3764 A
634 3711 736 3763 animas
754 3711 782 3764 A
847 3710 1002 3778 2gehenna
1019 3712 1046 3765 A
1100 3710 1313 3780 3intemptores
1331 3714 1359 3768 B

216 3797 338 3849 ‘ianime
357 3797 384 3849 A
455 3795 542 3851 5iste
560 3797 662 3863 ignium
681 3797 749 3866 Rip.-
773 3796 822 3849 iste
845 3797 896 3849 nisi
919 3796 1022 3864 ignium
1040 3798 1095 3851 AB
1167 3800 1312 3854 commitor
1330 3803 1357 3856 A

216 3882 405 3938 nisiisom.A
458 3884 605 3937 tautasA
659 3886 830 3939 8estom.A
882 3883 1023 3952 Cinsuper
1035 3885 1106 3938 Iwu:
1124 3900 1202 3952 super
1213 3886 1252 3953 B,
1264 3889 1357 3942 om.A

218 3971 248 4024 ll
268 3968 396 4036 eligamus
415 3971 442 4023 B
518 3971 550 4024 14
569 3970 640 4022 omni
659 3972 686 4023 A
760 3970 897 4038 negauerit
915 3985 956 4022 me
974 3971 1002 4024 B
1077 3972 1110 4025 16
1128 3973 1215 4024 estet
1233 3971 1355 4027 definitio

217 4057 243 4108 et
261 4055 328 4108 ratio
347 4057 403 4107 tam
422 4057 449 4109 B
503 4057 534 4112 18
553 4072 580 4107 se
598 4074 648 4111 om.
662 4058 689 4110 B
744 4060 775 4112 19
794 4057 816 4109 si
835 4057 864 4109 in
882 4055 988 4111 Christo
1006 4059 1046 4110 est
1064 4059 1155 4113 om.A
1209 4059 1356 4113 confitetur

217 4158 277 4194 euru
296 4159 323 4194 se
342 4142 524 4196 Christianum
543 4160 592 4197 ono.
612 4144 639 4196 A
691 4145 723 4199 21
743 4160 846 4212 quoque
865 4162 914 4199 om.
934 4146 961 4197 A
1019 4146 1052 4199 22
1069 4144 1127 4213 ipso
1144 4146 1259 4214 scripsi:
1277 4145 1355 4201 Chri·

216 4230 256 4281 sto
274 4231 330 4284 AB
392 4231 425 4284 23
444 4231 470 4281 et
488 4247 546 4299 sup.
566 4247 633 4284 uers.
646 4232 680 4299 A,
699 4233 729 4283 ut
752 4233 801 4286 Urs
854 4230 970 4284 ostendis
988 4233 1014 4284 A
1067 4234 1100 4286 27
1119 4232 1190 4300 quod
1208 4233 1282 4286 enim
1301 4234 1355 4303 est]

216 4314 279 4382 quid
298 4314 387 4368 enim?
405 4318 468 4385 fort.
522 4316 567 4385 qui
585 4317 620 4381 A,
640 4333 702 4371 oum
720 4318 747 4371 B
