2820 4914
157 376 220 440 284
387 376 498 442 Quinti
519 377 656 445 Septimi
675 377 840 431 Florentio
860 377 1060 431 Tertulliani

156 555 271 617 uirtute
301 553 479 616 fastidiendi
509 553 571 616 cibi
601 553 758 633 initiabat,
790 557 825 617 ut
855 572 927 617 eum
958 553 1080 617 diabolo
1112 573 1227 617 rursus
1250 572 1302 636 per

157 676 260 722 escam
284 661 437 740 temptare
460 658 620 739 quaerenti
636 658 795 722 fortiorem
811 659 895 721 farne
910 661 977 722 tota
991 661 1179 722 ostentaret.
1215 676 1301 741 prae-

157 764 259 827 stituit
289 763 397 826 exindc
427 763 550 826 ieiuniis
581 764 683 846 legem
715 763 781 827 sinc
812 763 938 827 tristitia
969 763 1197 846 transigendis.
1248 782 1300 826 cur

157 868 241 931 enim
264 868 362 946 triste,
387 867 469 948 quod
492 867 651 930 salutare?
686 867 789 931 docuit
812 868 907 930 etiam
931 867 1081 930 aduersus
1098 867 1216 931 diriora
1230 867 1301 930 dae-

117 1001 129 1039 5
157 973 261 1036 monia
282 972 405 1035 ieiuniis
429 971 654 1054 proeliandum.
689 971 761 1053 quid
785 973 869 1035 enim
892 973 1016 1052 mirum,
1040 972 1067 1034 si
1092 971 1207 1034 eadem
1229 989 1301 1054 ope·

156 1079 275 1142 ratione
302 1077 427 1159 spiritus
451 1076 576 1157 iniquus
600 1077 753 1156 educitur,
785 1093 846 1157 qua
869 1080 997 1139 sanctus
1021 1075 1204 1140 inducitur?
1249 1076 1300 1139 de-

156 1184 258 1264 nique,
289 1185 324 1245 ut
350 1182 382 1244 in
406 1181 619 1245 centurionem
644 1181 821 1245 Cornelium
845 1181 978 1245 necdum
1001 1181 1137 1245 tinctum
1163 1181 1300 1264 dignatio

157 1288 283 1369 spiritus
314 1286 415 1349 sancti
445 1305 515 1349 cum
543 1285 729 1349 charismate
752 1287 878 1367 insuper
900 1285 1082 1368 prophetiae
1106 1286 1299 1366 festinasset,

157 1392 271 1455 ieiunia
294 1391 358 1453 eius
382 1391 516 1473 legimus
540 1391 691 1453 exaudita.
727 1394 802 1472 puto
826 1394 933 1454 autem
956 1393 988 1453 et
1011 1391 1175 1473 apostolus
1198 1392 1230 1455 in
1254 1411 1300 1454 sc-

105 1521 130 1560 io
156 1497 257 1560 cunda
280 1495 510 1559 Corinthiorum
541 1495 621 1558 inter
651 1493 772 1558 labores
804 1513 876 1558 suos
907 1498 939 1558 et
963 1495 1103 1576 pericula
1127 1498 1161 1559 et
1183 1495 1298 1559 incom-

157 1600 250 1664 moda
271 1603 343 1681 post
365 1599 481 1663 famem
513 1617 548 1663 ac
575 1599 659 1662 sitim
683 1599 797 1663 ieiunia
819 1617 941 1680 quoque
964 1599 1101 1681 plurima
1125 1604 1295 1664 enumerat.

200 1702 229 1767 9.
253 1704 437 1786 Principalis
460 1704 536 1766 haec
560 1705 676 1785 species
700 1705 731 1767 in
755 1704 959 1788 castigatione
983 1704 1085 1768 uictus
1107 1707 1216 1786 potest
1237 1705 1294 1768 iam

157 1810 194 1872 de
225 1807 422 1873 inferioribus
454 1827 577 1890 quoque
601 1808 808 1872 abstinentiae
832 1807 1063 1891 operationibus
1087 1809 1293 1891 praeiudicare

156 1917 192 1977 ut
222 1918 253 1976 et
283 1914 359 1994 ipsis
391 1931 445 1995 pro
474 1913 564 1976 modo
588 1913 717 1976 utilibus
741 1916 795 1977 aut
818 1912 1012 1977 necessariis
1060 1931 1137 1976 nam
1162 1914 1292 1997 exceptio

107 2043 130 2081 15
158 2018 329 2081 eduliorum
363 2017 557 2098 quorundam
591 2018 763 2100 portionale
797 2017 949 2081 ieiunium
983 2021 1040 2080 est.
1095 2018 1291 2101 inspiciamus

156 2123 251 2205 igitur
274 2125 305 2185 et
327 2121 586 2204 xerophagiarum
609 2122 782 2186 nouitatem
806 2125 860 2185 aut
883 2122 1066 2201 uanitatem,
1091 2122 1117 2184 si
1142 2140 1206 2185 non
1222 2122 1291 2185 etin

156 2227 204 2290 his
236 2229 300 2289 tam
332 2226 568 2306 antiquissimae
599 2244 693 2307 quam
722 2225 955 2289 efficacissimae
978 2225 1137 2308 religionis
1162 2226 1290 2309 operatio

157 2335 213 2395 est.
260 2330 352 2394 redeo
383 2330 422 2393 ad
444 2330 609 2394 Danielem
641 2334 671 2393 ct
701 2331 812 2394 fratres
837 2331 902 2393 eius
925 2329 1124 2413 leguminum
1147 2331 1290 2413 pabulum

157 2439 189 2499 et
212 2453 310 2517 aquae
333 2439 441 2517 potum
465 2435 589 2499 ferculis
614 2439 645 2499 et
667 2435 851 2519 oenophoris
867 2435 960 2518 regiis
976 2435 1190 2516 praeferentes
1206 2439 1290 2517 atque

104 2565 130 2604 eo
158 2540 266 2605 exinde
289 2541 497 2619 formosiores,
521 2560 560 2604 nc
584 2541 635 2622 qui
659 2540 696 2602 de
716 2540 818 2621 specie
835 2558 956 2621 quoque
973 2541 1151 2622 corpusculi
1167 2543 1289 2619 metuat,

157 2649 296 2709 ceterum
320 2645 429 2726 spiritu
452 2646 578 2726 insuper
602 2646 711 2709 cultos
747 2645 832 2707 dedit
855 2645 937 2707 enim
962 2644 1038 2708 deus
1056 2644 1288 2709 adolescentulis

158 2751 320 2815 scientiam
351 2753 382 2814 et
412 2750 660 2832 intellegentiam
689 2750 721 2813 in
752 2750 835 2812 omni
865 2750 1040 2813 litteratura
1063 2752 1095 2812 et
1119 2736 1286 2814 D’anieliin

157 2856 242 2919 omni
272 2854 367 2918 uerbo
395 2855 480 2918 etin
504 2854 633 2918 somniis
658 2854 743 2917 etin
766 2854 851 2945 omni
876 2854 997 2936 sophia,
1029 2871 1090 2935 qua
1113 2854 1174 2917 hoc
1195 2855 1285 2936 ipsum

158 2978 278 3042 quoque
298 2962 429 3042 saperet,
454 2957 682 3040 quibusmodis
699 2959 737 3021 de
753 2958 809 3021 deo
825 2959 1045 3040 impetraretur
1061 2958 1180 3040 agnitio
1197 2975 1285 3021 sacra-

106 3086 131 3127 15
158 3067 344 3127 mentorum.
392 3080 472 3126 anno
503 3062 636 3144 denique
663 3063 754 3126 tertio
778 3062 849 3144 Cyri
871 3062 954 3145 regis
977 3061 1149 3125 Persarum
1171 3062 1283 3126 cumin

157 3168 363 3251 recogitatum
396 3167 556 3230 incidisset
590 3167 733 3246 uisionis,
773 3167 867 3230 aliam
902 3167 1035 3229 formam
1069 3166 1282 3230 humiliationis

157 3272 323 3355 prospexit.
359 3273 394 3335 in
416 3272 511 3351 illis,
534 3272 646 3352 inquit,
670 3271 799 3335 diebus
817 3290 882 3354 ego
898 3271 1031 3334 Daniel
1048 3289 1148 3334 eram
1164 3272 1281 3354 lugens

157 3397 220 3459 per
243 3381 320 3441 tres
344 3376 611 3456 hebdomadas,
634 3395 765 3458 panem
789 3394 940 3460 suaucm
964 3394 1037 3440 non
1061 3375 1135 3456 edi,
1159 3394 1239 3440 caro
1257 3375 1281 3435 et

158 3483 283 3545 uinum
314 3499 386 3545 non
415 3482 644 3545 introierunt
674 3482 710 3544 in
740 3499 777 3544 os
801 3499 934 3560 meum,
966 3481 1045 3544 oleo
1068 3484 1202 3544 unctus
1224 3495 1280 3542 non

105 3614 131 3653 eo
159 3606 252 3667 sum,
284 3587 397 3651 donec
421 3589 768 3650 consummarentur
792 3588 867 3648 tres
890 3584 1159 3664 hebdomades,
1183 3583 1280 3665 quibus

157 3692 322 3756 transactis
340 3692 469 3774 angelus
486 3691 619 3754 emissus
636 3694 685 3754 est
700 3690 804 3753 taliter
820 3690 996 3770 alloquens:
1019 3688 1170 3768 Daniel,
1191 3689 1280 3752 homo

158 3815 195 3860 es
226 3795 473 3875 miserabilis,
504 3815 548 3859 nc
578 3794 764 3875 timueriS,
797 3793 971 3876 quoniam
1003 3812 1042 3857 ex
1073 3792 1132 3856 die
1161 3793 1282 3876 prima,

158 3919 227 3983 qua
257 3901 395 3965 dedisti
424 3901 582 3964 animam
607 3903 707 3963 tuam
730 3898 958 3982 recogitatui
981 3900 1018 3962 et
1040 3893 1283 3962 humiliationi

261 4038 289 4106 7]
313 4037 347 4091 cf.
364 4037 423 4090 Act.
443 4040 483 4100 10,
502 4039 526 4090 4.
600 4037 643 4104 10]
667 4035 699 4089 cf.
723 4038 739 4090 2
757 4035 814 4089 Cor.
835 4038 875 4097 11,
892 4036 933 4089 27.
1005 4033 1050 4102 27]
1073 4034 1142 4087 Dan.
1162 4036 1203 4097 10,
1220 4037 1236 4089 2
1255 4047 1284 4098 sq.

158 4125 203 4194 31]
222 4125 287 4178 ibid.
302 4128 378 4194 10,1.
394 4126 434 4179 12.

201 4249 234 4302 20
253 4247 298 4315 qui
319 4247 349 4313 0,
373 4245 431 4314 quis
449 4247 476 4300 B
541 4248 574 4300 23
593 4245 703 4298 somniis
724 4246 786 4300 Gcl:
804 4244 903 4297 somnis
922 4246 949 4299 B
1019 4246 1051 4299 25
1070 4243 1099 4296 in
1118 4244 1289 4314 recogitatum

161 4334 297 4402 (11,-ως(
316 4333 463 4401 cogitatum
482 4334 510 4387 B
563 4334 595 4388 27
614 4332 708 4400 lugens
730 4334 792 4387 Gal:
809 4331 899 4400 legens
917 4331 945 4385 B

20 4548 115 4634 ἱ
