2820 4914
548 343 581 396 X
600 344 644 396 De
662 344 768 396 anima
786 348 811 399 9.
1186 346 1248 408 311

104 518 304 601 probentur),
334 519 415 582 inter
436 523 549 598 cetero„
572 520 700 605 inquit„
730 524 859 583 ostensa
885 524 935 584 est
956 520 1033 583 mihi
1056 521 1163 584 anima
1184 539 1251 584 cor·

105 624 267 706 poraliter,
290 628 322 687 et
344 624 472 706 spiritns
493 624 669 704 uidebatur,
696 625 752 688 sed
774 644 837 689 nou
859 625 963 688 inanis
986 629 1018 688 et
1039 643 1158 688 uacuae
1174 644 1251 706 qua·

104 728 217 808 litatis,
240 729 336 791 immo
359 747 440 810 quae
462 730 558 792 etium
581 730 681 793 teneri
703 732 944 812 repromitteret,
967 735 1077 794 tenera
1099 736 1132 794 et
1149 732 1251 794 lueida

106 836 140 895 et
171 833 248 896 aerii
276 832 388 896 eoloris
414 837 447 896 et
467 834 570 896 forma
590 853 647 916 per
667 835 775 897 omnia
796 835 943 897 humana
990 835 1068 897 haec
1090 835 1168 898 nisio
1192 840 1249 915 est,

106 937 185 1000 deus
219 937 308 1000 testis
341 941 373 1000 et
402 938 562 1019 apostolus
590 938 817 1002 charismatum
847 941 880 1002 in
909 940 1043 1002 eeclesia
1072 940 1249 1003 futurorum
1290 966 1303 1004 5

105 1042 238 1105 idoneus
268 1059 412 1124 sponsor:
442 1045 478 1104 lu
506 1060 564 1105 nec
594 1043 622 1105 si
649 1062 701 1105 res
730 1044 801 1125 ipsa
829 1043 867 1105 de
895 1043 1028 1126 singulis
1050 1045 1250 1125 persuaserit,

105 1146 239 1210 credas?
278 1146 306 1209 si
329 1146 414 1209 euim
435 1163 548 1229 corpus
571 1148 688 1227 anima,
711 1149 780 1210 sine
803 1147 898 1211 dubio
921 1168 963 1208 aa
986 1149 1070 1212 iuter
1092 1149 1147 1211 illa
1169 1167 1250 1230 quae

106 1269 205 1333 supra
226 1269 336 1314 sumus
358 1252 500 1334 professi
538 1253 667 1334 perinde
689 1258 722 1316 et
743 1252 855 1316 eoloris
878 1254 1053 1335 proprietas
1074 1254 1162 1316 omni
1183 1272 1251 1316 cor·

106 1357 175 1439 pori
205 1355 362 1418 adhaeret.
408 1374 502 1437 quem
523 1357 618 1439 igitur
640 1358 737 1420 alium
760 1358 887 1421 animae
909 1357 1092 1421 aestimabis
1114 1359 1250 1422 colorem

107 1479 205 1542 qnam
219 1460 340 1524 aerium
355 1477 391 1523 ao
405 1460 566 1524 lucidum?
599 1479 661 1526 non
683 1467 720 1525 ut
741 1481 795 1525 aer
817 1463 860 1526 sit
882 1464 951 1543 ipsa
973 1461 1152 1526 substantia
1173 1463 1249 1542 eine,
1278 1490 1303 1528 ιο

107 1564 167 1628 etsi
189 1565 248 1628 hoo
269 1564 478 1629 Aenesidemo
500 1565 604 1628 uisum
627 1571 677 1629 est
698 1570 732 1629 et
753 1566 952 1646 Anaximeni,
977 1571 1055 1648 puto
1077 1568 1249 1630 secundum

106 1669 261 1751 quosdam
284 1672 316 1732 et
337 1669 508 1748 Heraclito,
531 1688 589 1733 neo
611 1675 648 1733 ut
669 1671 789 1749 lumen,
816 1672 875 1734 etsi
897 1671 957 1734 hoo
978 1671 1096 1752 placuit
1119 1671 1250 1734 Pontico

106 1773 278 1838 Heraclidi.
313 1791 389 1836 nam
410 1777 443 1836 et
463 1775 618 1837 cerauniis
639 1776 775 1857 gemmis
794 1793 857 1838 non
872 1775 942 1839 ideo
957 1775 1135 1839 substantia
1149 1776 1250 1858 ignita

107 1883 171 1958 est,
203 1878 287 1959 quod
316 1883 481 1942 coruscent
502 1880 630 1943 rutilato
655 1879 779 1960 mbore,
810 1900 868 1944 neo
890 1880 1019 1944 berullis
1042 1881 1110 1944 ideo
1133 1899 1251 1962 aquosa

106 1983 241 2047 materia
263 1986 311 2046 ost
333 1983 416 2064 quod
438 1983 592 2047 fluctuent
613 1985 714 2048 colato
738 1985 848 2048 nitore.
886 1989 1006 2066 quanta
1027 1987 1111 2048 enim
1134 1986 1250 2049 etalio
1278 2011 1303 2049 ιι

106 2089 191 2152 oolor
213 2088 322 2168 sociat,
345 2091 458 2151 natura
479 2088 648 2152 dissociat?
682 2089 738 2152 sed
760 2089 909 2170 quoniam
932 2108 1026 2153 omne
1046 2093 1140 2152 tenue
1155 2093 1249 2171 atque

105 2193 302 2276 perlucidum
324 2193 406 2256 aeris
428 2194 589 2256 aemulum
610 2198 670 2272 est,
693 2194 752 2257 hoc
775 2195 834 2257 erit
855 2195 971 2273 anima,
999 2212 1063 2275 qua
1084 2193 1177 2257 datus
1200 2199 1250 2258 est

105 2302 139 2361 et
160 2297 290 2380 spiritus
313 2297 435 2376 tradux,
460 2298 616 2379 siquidem
637 2316 711 2380 prae
733 2299 803 2381 ipsa
824 2300 987 2362 tenuitatis
1011 2297 1188 2362 subtilitate
1211 2300 1249 2361 de

105 2403 168 2466 fide
198 2402 424 2483 corporalitatis
452 2402 656 2483 periclitetur.
702 2403 747 2465 sic
778 2407 810 2466 et
840 2402 979 2486 effigiem
1006 2403 1045 2466 do
1068 2421 1163 2465 sensu
1185 2403 1249 2465 iam

104 2512 160 2571 tuo
192 2507 317 2588 concipe
347 2524 410 2570 non
439 2507 534 2569 aliam
565 2507 690 2570 animae
713 2508 868 2570 humanae
892 2507 1104 2588 deputandam
1125 2511 1249 2587 praeter
1275 2533 1302 2571 so

105 2613 294 2690 humanam,
324 2614 357 2675 et
385 2611 512 2692 quidem
538 2611 605 2674 eins
627 2613 762 2694 eorporis
785 2612 867 2693 quod
889 2629 1094 2692 unaquaeque
1117 2611 1249 2673 eircum-

104 2716 190 2780 tulit.
234 2716 293 2779 hoc
320 2733 378 2778 nos
401 2733 511 2797 sapere
532 2715 658 2778 interim
682 2716 842 2798 primordii
865 2716 1087 2800 contemplatio
1109 2715 1247 2777 inducat.

104 2820 244 2902 recogita
278 2820 377 2898 enim,
411 2837 484 2882 cum
517 2819 594 2882 dens
628 2819 738 2883 flasset
767 2821 800 2883 in
830 2819 944 2883 faeiem
972 2819 1108 2882 hominis
1138 2816 1248 2881 datum

104 2925 206 3003 uitae,
237 2927 269 2987 et
297 2923 398 2986 factus
425 2927 510 2986 esset
531 2924 625 2987 homo
647 2925 680 2986 in
703 2924 841 2986 animam
864 2924 987 3003 uiuam,
1017 2927 1120 2986 totum
1142 2922 1249 3004 utique

60 3041 91 3093 1v
105 3048 163 3112 per
193 3028 306 3091 faeiem
336 3028 445 3091 statim
471 3027 581 3091 flatum
604 3029 694 3091 illum
716 3029 749 3091 in
772 3029 920 3092 interiora
940 3027 944 3111 Ι
963 3028 1195 3112 ἱιιιιιιιιιίιιιιιιι
1217 3030 1250 3090 et
1274 3054 1302 3093 aa

105 3153 163 3216 per
193 3133 350 3216 uniuersaj
379 3132 515 3215 corporis
542 3133 646 3216 spotia
668 3133 817 3196 diffusum
840 3133 997 3214 simulque
1019 3132 1137 3216 [diuina
1159 3133 1249 3216 aspi·

104 3238 227 3301 ratione
250 3237 417 3300 densatum
440 3238 526 3300 omni
548 3238 633 3301 intus
656 3239 740 3301 linea
762 3256 944 3318 expressum
960 3256 1039 3316 esse,
1063 3255 1156 3318 qnam
1173 3237 1249 3299 den·

105 3347 195 3407 satus
225 3342 427 3424 impleuerat,
459 3346 490 3405 et
519 3344 608 3406 uelut
636 3343 669 3406 in
700 3343 801 3406 forma
827 3343 959 3425 gelasse.
1004 3342 1076 3404 inde
1098 3342 1195 3424 igitur
1217 3344 1250 3404 et

149 3513 328 3570 2uideantnr
345 3515 373 3567 A
391 3532 459 3569 corr.
487 3519 540 3567 'et
557 3517 594 3583 B,
611 3531 659 3568 nec
677 3517 703 3569 A
756 3514 903 3569 deotherii
915 3516 987 3583 Bmp
1039 3513 1129 3567 hocA
1182 3514 1249 3566 etA

105 3605 171 3658 ctu
190 3617 238 3654 nec
256 3602 280 3654 si
297 3602 366 3670 Rip.-
383 3605 450 3654 tunc
467 3605 494 3654 et
512 3602 535 3654 si
552 3603 596 3667 (er
617 3603 766 3670 siA)AB,
785 3606 815 3656 tu
834 3602 885 3654 nisi
900 3603 950 3657 Gel
1003 3599 1181 3655 lnccredas
1199 3600 1249 3654 Get

105 3691 235 3744 locustam
255 3690 381 3758 sipnaui:
403 3690 598 3744 interciderunt
621 3691 690 3743 talio
712 3689 797 3743 teneri
820 3705 879 3741 eam
902 3692 930 3742 et
952 3691 1072 3741 teneram
1095 3704 1164 3748 esse3
1190 3688 1249 3741 siae

105 3779 207 3832 benna
220 3793 274 3844 pro
293 3775 363 3828 inter
380 3777 539 3844 suspicatur
555 3775 584 3829 in
596 3793 624 3829 so
637 3776 690 3829 fert
702 3777 846 3830 Hortelius
899 3778 915 3830 9
928 3773 1022 3839 aderit,
1041 3773 1113 3838 Quae
1126 3773 1210 3840 igitur
1221 3775 1249 3826 A

107 3867 140 3919 lo
159 3866 190 3915 ut
207 3879 252 3916 oen
270 3864 305 3930 B,
324 3866 383 3916 uter
401 3864 429 3917 A
483 3866 513 3919 11
533 3863 692 3916 Enesidemo
711 3864 747 3931 B,
765 3879 859 3915 aeneas
877 3860 966 3914 idemo
980 3865 1006 3915 A
1062 3863 1094 3916 13
1112 3865 1139 3913 et
1156 3878 1207 3916 om.
1221 3862 1248 3913 A

105 3943 241 4004 cerauneis
259 3951 287 4004 A
349 3951 382 4004 ll
400 3965 448 4002 nec
466 3949 488 4002 dn
507 3952 533 4004 A
546 3968 613 4006 corr.
676 3948 786 4003 bcrullis
804 3951 839 4016 A,
858 3947 967 4017 beryllis
985 3950 1013 4002 B
1072 3963 1155 4014 aquos
1174 3963 1247 3999 ama-

106 4038 175 4090 toria
192 4039 219 4091 A
278 4039 310 4091 15
328 4035 446 4089 flutuent
463 4039 490 4090 A
548 4036 644 4090 collato
662 4039 690 4090 B
751 4039 781 4092 17
800 4038 915 4090 alterum
934 4040 974 4088 est
993 4054 1042 4090 om.
1062 4038 1089 4088 A
1142 4037 1177 4088 ‘20
1195 4050 1248 4086 non

105 4125 187 4178 aliam
205 4125 241 4192 B,
259 4123 373 4176 alienam
391 4125 491 4192 ABmp
544 4127 575 4179 21
596 4126 623 4176 et
643 4124 705 4178 Gal:
723 4123 773 4176 etsi
793 4123 847 4176 AB
902 4124 935 4176 22
953 4120 1029 4174 nobis
1048 4124 1075 4174 A
1129 4126 1248 4173 oontem—

104 4211 192 4281 placio
210 4213 237 4265 A
290 4213 324 4266 23
343 4210 473 4277 recogitat
490 4213 517 4264 A
571 4210 713 4264 hominiA
766 4211 800 4264 24
818 4212 907 4261 totum
922 4209 986 4262 Gel:
1003 4211 1076 4261 totns
1089 4208 1144 4260 AB
1196 4207 1248 4260 ita-

106 4315 157 4367 que
176 4300 203 4352 A
221 4316 288 4353 corr.
343 4299 376 4351 27
395 4312 473 4364 quem
492 4299 519 4350 A
574 4297 700 4350 densatus
718 4297 787 4366 nep.-
805 4296 932 4349 densatun·
950 4299 985 4363 A,
1005 4294 1146 4348 densatum
1164 4294 1192 4348 B
