2820 4914
464 389 499 441 Π.
520 389 564 441 De
583 388 779 442 idololatria
796 392 889 446 8-lo.
1203 391 1244 453 39

99 565 255 647 tellegere
278 564 437 628 debemus.
475 565 581 646 itaque
605 566 704 648 magis
728 569 940 648 praeceptum,
964 569 1000 630 ut
1023 566 1133 629 exinde
1157 567 1247 630 aliter

100 668 295 732 incederent.
334 669 378 732 sic
394 671 426 732 et
448 669 508 732 alia
530 669 584 732 illa
600 669 718 752 species
742 669 874 752 magiae,
898 687 977 751 quae
1001 670 1158 734 miraculis
1175 688 1247 754 ope-

100 776 203 852 ratur,
232 772 326 836 etiam
357 773 506 836 aduersus
537 772 670 855 Moysen
701 774 860 837 aemulata
889 773 1044 855 patientia
1074 774 1123 837 dei
1153 774 1248 838 traxit

102 877 144 939 ad
170 877 367 959 euangehum
393 895 502 959 usque.
548 894 623 940 nam
651 877 759 941 exinde
788 880 819 941 ot
842 876 949 942 Simon
976 877 1091 961 Magus
1119 879 1246 942 iamiam

101 981 216 1061 fidelis,
243 982 391 1063 quoniam
419 982 535 1063 aliquid
558 982 660 1045 adhuc
687 982 724 1044 de
752 982 948 1046 circulatoria
976 985 1062 1046 secta
1085 983 1245 1065 cogitaret,
1272 1002 1285 1040 s

102 1088 140 1148 ut
171 1084 289 1149 scilicet
321 1086 404 1149 iuter
437 1086 590 1149 miracula
622 1086 825 1168 professionis
861 1104 936 1150 suae
971 1086 1067 1150 etiam
1101 1087 1246 1168 spiritum

102 1192 249 1253 sanctum
271 1208 326 1272 per
348 1208 499 1254 manuum
522 1191 742 1273 inpositionem
763 1191 979 1271 enundinaret,
1003 1191 1189 1255 maledictus
1205 1191 1243 1255 ab

101 1295 252 1376 apostolis
270 1295 307 1358 de
323 1294 383 1358 fide
401 1295 517 1359 eiectus
534 1298 598 1359 est:
623 1296 701 1359 alter
717 1314 839 1378 magus,
856 1296 996 1377 quicum
1014 1294 1120 1379 Sergio
1135 1295 1244 1377 Paulo,

102 1399 253 1479 quoniam
267 1384 367 1462 isdem
383 1399 609 1463 aduersabatur
626 1400 784 1482 apostolis,
805 1400 962 1463 luminum
978 1401 1147 1464 amissione
1163 1401 1244 1465 mul-

100 1505 188 1566 tatus
205 1507 261 1566 est.
294 1503 352 1567 hoc
376 1506 407 1567 et
428 1504 576 1587 astrologi
591 1504 779 1584 retulissent,
803 1505 903 1584 oredo,
928 1505 954 1567 si
971 1504 1072 1586 quiin
1088 1505 1243 1587 apostolos
1272 1523 1296 1561 10

100 1606 271 1671 incidisset.
304 1611 445 1672 attamen
462 1627 533 1671 cum
549 1609 654 1692 magia
668 1609 806 1691 punitur,
830 1609 917 1672 cuius
942 1611 990 1672 est
1010 1610 1128 1691 species
1145 1613 1244 1673 astro-

100 1710 196 1793 logia,
224 1711 330 1793 utique
354 1714 385 1775 et
408 1713 525 1794 species
549 1713 581 1776 in
604 1732 718 1796 genere
742 1713 917 1777 damnatur.
950 1716 1023 1794 post
1046 1714 1244 1796 euangelium

11 1822 88 1874 111v
102 1832 261 1896 nusquam
276 1815 417 1879 inuenias
439 1818 442 1898 l
464 1819 519 1880 aut
535 1817 689 1899 sophistas
706 1820 761 1881 aut
774 1816 946 1881 Chaldaeos
967 1819 1021 1880 aut
1034 1817 1243 1882 incantatores

100 1922 156 1981 aut
172 1919 360 1983 coniectores
377 1922 432 1983 aut
447 1938 566 2003 magos,
584 1921 645 1984 nisi
660 1922 753 2002 plane
765 1922 900 2004 punitos.
925 1921 986 1985 ubi
1003 1922 1163 2005 sapiens,
1180 1921 1243 1985 ubi

99 2022 308 2103 litterator,
325 2023 386 2087 ubi
403 2025 636 2106 conquisitor
652 2025 762 2088 huius
780 2026 884 2088 aeui?
900 2042 1021 2089 nonne
1037 2025 1244 2090 infatuauit
1271 2045 1295 2085 1⁵

101 2127 191 2190 deus
212 2128 436 2209 sapientiam
457 2128 566 2192 huius
587 2130 749 2194 saeculi?
780 2130 857 2193 nihil
877 2130 949 2210 scis,
970 2130 1201 2207 mathematice,
1218 2131 1244 2194 si

100 2232 262 2296 nesciebas
282 2235 313 2296 te
333 2233 474 2296 futurum
491 2231 713 2297 Christianum.
749 2234 775 2297 si
799 2234 928 2315 sciebas,
948 2235 1006 2298 hoc
1027 2253 1146 2317 quoque
1165 2235 1242 2299 scire

100 2335 264 2416 debueraS,
280 2337 356 2400 nihil
369 2337 426 2400 tibi
440 2337 580 2400 futurum
594 2357 665 2401 cum
677 2339 739 2401 ista
752 2338 953 2420 professione.
978 2339 1047 2421 ipsa
1062 2343 1093 2402 te
1109 2339 1146 2402 de
1161 2339 1243 2421 peri·
1330 2352 1334 2358 ·

100 2441 169 2503 culo
194 2458 249 2504 suo
272 2441 451 2520 instrueret,
476 2461 554 2524 quae
582 2443 712 2506 aliorum
736 2443 943 2507 climacterica
964 2444 1132 2524 praecanit.
1171 2461 1242 2507 non

100 2548 157 2608 est
178 2544 248 2608 tibi
269 2563 355 2626 pars
379 2564 496 2628 neque
517 2565 595 2610 sors
618 2548 655 2610 in
675 2548 750 2611 ista
765 2548 916 2611 ratione.
948 2565 1011 2611 non
1026 2551 1130 2629 potest
1145 2567 1241 2631 regna
1269 2567 1293 2605 20

100 2649 257 2712 caelorum
280 2667 404 2731 sperare
429 2651 515 2714 ouius
539 2651 654 2734 digitus
679 2654 733 2715 aut
755 2652 859 2715 radius
882 2651 1019 2715 abutitur
1042 2653 1135 2715 caelo.

144 2751 193 2816 10.
218 2752 435 2833 Quaerendum
466 2759 571 2818 autem
600 2759 647 2820 est
677 2756 771 2818 etiam
799 2757 836 2818 de
866 2755 1099 2838 ludimagistris,
1128 2756 1182 2819 sed
1210 2758 1241 2819 et

98 2858 208 2921 ceteris
231 2858 456 2939 professoribus
479 2859 662 2923 litterarum.
698 2860 793 2923 immo
817 2878 879 2923 non
902 2860 1106 2924 dubitandum
1130 2860 1239 2926 affines

96 2962 167 3025 illos
196 2980 264 3025 esse
288 2963 488 3027 multimodae
510 2964 709 3027 idololatriae.
748 2964 884 3047 primum
908 2964 1018 3045 quibus
1042 2983 1169 3029 necesse
1193 2970 1241 3030 est

97 3067 172 3129 deos
196 3067 356 3130 nationum
379 3067 566 3149 praedicare,
594 3069 728 3148 uomina,
757 3069 965 3152 genealogias,
992 3067 1125 3150 fabulas,
1149 3087 1239 3134 orna·
1266 3088 1292 3128 25

97 3172 206 3233 menta
220 3171 388 3235 honorifica
404 3189 544 3254 quaeque
561 3191 668 3236 eorum
685 3174 855 3253 enuntiare,
879 3176 947 3237 tum
964 3174 1127 3237 sollemnia
1143 3174 1205 3238 fest
1226 3211 1239 3222 -

97 3293 158 3356 que
182 3276 351 3338 eorundem
378 3276 553 3356 obseruare,
582 3280 617 3341 ut
643 3276 755 3359 quibus
783 3278 946 3361 uectigaha
974 3296 1031 3341 sua
1059 3281 1236 3361 supputent.

96 3379 165 3460 quis
189 3379 403 3463 ludimagister
426 3381 492 3443 sine
514 3381 622 3445 tabula
641 3381 703 3445 VH
729 3382 882 3445 idolorum
906 3381 1108 3464 Quinquatria
1130 3386 1237 3448 tamen

94 3483 326 3565 frequentabit?
349 3485 450 3565 ipsam
472 3486 607 3567 primam
630 3487 703 3550 noui
726 3487 866 3569 discipuli
889 3487 1002 3569 stipem
1021 3487 1182 3551 Mineruae
1207 3491 1237 3552 et

93 3588 204 3651 honori
228 3591 259 3650 et
278 3589 395 3651 nomini
418 3592 586 3670 consecrat,
610 3592 654 3670 ut,
679 3591 737 3654 etsi
759 3608 821 3653 non
843 3591 1025 3673 profanatus
1049 3592 1140 3656 alicui
1154 3593 1236 3656 idolo
1263 3609 1288 3649 so

201 3759 245 3828 14]
266 3762 279 3814 1
300 3759 358 3814 Cor.
379 3764 402 3824 1,
415 3763 455 3815 20.
512 3761 555 3830 19]
574 3759 634 3814 Act.
654 3764 677 3825 8,
692 3764 732 3816 21.

138 3899 246 3972 2magi
264 3914 344 3967 aeque
363 3901 390 3954 Β
460 3900 656 3969 3patientiam
678 3903 705 3955 Β
775 3901 867 3956 tiam
889 3902 939 3956 Gal
1009 3901 1160 3957 8deieotus
1179 3903 1235 3957 rosa

94 3984 201 4038 etaltor
216 3986 266 4040 Gal
314 3989 346 4041 lo
360 3986 382 4038 si
395 3986 498 4054 quidB
544 3990 574 4042 11
594 3987 751 4041 incidissent
762 3989 819 4058 Rip
865 3990 897 4043 13
916 3988 1059 4043 caldeosA
1106 3992 1233 4044 1611111-

94 4072 308 4127 maticvoorr.
356 4076 386 4128 17
406 4073 539 4127 nesciebas
554 4075 617 4138 AB,
635 4074 734 4128 sciebas
747 4075 803 4144 Rip
849 4078 881 4130 19
903 4075 1039 4145 praecanit
1056 4077 1082 4130 B
1132 4079 1165 4131 22
1187 4076 1232 4129 sed

94 4159 213 4213 dctLat
257 4159 332 4212 etde
351 4161 444 4213 ceteris
463 4162 519 4216 Lot
563 4163 597 4215 24
616 4177 699 4214 essem
712 4161 808 4215 ultimo
822 4162 1005 4231 deidololatrip
1018 4164 1044 4216 A
1080 4166 1232 4231 2711111-

94 4247 327 4301 tentMcrccrius:
349 4250 491 4315 suppetent
508 4248 571 4316 AB,
591 4250 734 4316 suppetant
754 4251 803 4304 ou
858 4249 972 4317 assius]
987 4249 1076 4302 sinon
1097 4250 1145 4304 Gal
1192 4252 1232 4302 ta·

94 4330 157 4385 bula
171 4331 247 4386 .VII.
261 4333 323 4404 AB,
343 4332 474 4387 tabularia
494 4334 543 4390 Gal
614 4351 667 4390 non
685 4335 855 4407 quinquatria
876 4337 932 4395 losa
997 4337 1157 4392 tamennon
1176 4336 1232 4395 Lot
