2820 4914
154 369 216 431 248
383 369 496 433 Quinti
517 368 654 436 Septimi
674 368 842 422 Florentis
862 367 1064 421 Tertulliani

153 563 222 608 non
252 545 367 627 magis
400 549 485 607 nos?
531 562 626 624 aeque
658 547 689 607 ct
716 544 785 607 illos
809 544 959 626 singulari
982 544 1054 608 stilo
1086 544 1307 627 1111111111)-

154 653 256 711 terea
278 650 338 728 qui
362 669 399 711 sc
422 652 531 729 putat
554 653 665 727 stare,
697 647 823 711 uideat
854 667 897 710 ne
921 647 1043 727 cadat,
1076 652 1120 711 et:
1152 649 1297 729 siquis

153 753 412 816 contentiosus
443 734 605 831 uidetur,
638 771 702 815 nos
733 753 848 816 talem
880 752 1190 816 consuetudinem
1217 766 1293 815 non

153 855 330 920 habemus
362 875 478 937 neque
511 857 671 918 ecelesia
702 855 849 919 domini.
884 856 939 919 tali
968 855 1110 919 clausula
1133 857 1288 919 maledieto

115 961 288 1040 adetexta,
324 961 354 1023 si
385 961 466 1041 quis
498 978 568 1023 non
601 964 698 1024 amat
732 960 919 1024 dominum
954 961 1093 1040 Iesum,
1129 961 1178 1024 sit
1209 978 1288 1022 ana-

154 1066 278 1128 thema
301 1064 534 1144 maranatha,
559 1065 694 1144 aliquem
719 1065 826 1146 utique
846 1065 1008 1147 percussit.
1045 1063 1100 1127 sed
1116 1065 1178 1156 illio
1193 1064 1282 1147 magis

154 1169 257 1249 stabo,
289 1169 342 1232 ubi
373 1170 532 1252 apostolus
563 1170 663 1252 magis
694 1170 809 1248 feruet,
844 1170 897 1233 ubi
929 1172 995 1252 ipse
1025 1169 1196 1234 fornicator
1223 1169 1281 1233 aliis
1327 1238 1329 1242 ,

154 1291 275 1354 quoque
298 1274 458 1357 negotium
482 1274 563 1336 fecit.
611 1275 715 1354 quasi
747 1292 815 1337 non
847 1275 916 1337 sim
943 1277 1126 1337 uenturus
1151 1273 1193 1337 ad
1214 1292 1278 1352 uos,

154 1378 281 1441 inflati
313 1380 400 1441 sunt
428 1378 585 1458 quidam.
632 1379 778 1441 ueniam
802 1381 924 1441 autem
949 1378 1078 1457 eitius,
1112 1379 1143 1441 si
1165 1379 1278 1461 permi-

103 1511 126 1547 lb
154 1482 247 1545 serit
278 1481 464 1560 dominuS,
499 1485 536 1544 et
565 1500 786 1565 cognoscam
822 1501 891 1546 non
927 1500 1138 1546 sermonem
1173 1500 1277 1546 eorun

154 1586 215 1666 qui
239 1585 366 1648 inflati
391 1591 491 1665 sunt,
521 1587 582 1649 sed
607 1587 799 1650 uirtutem.
847 1604 917 1650 non
941 1587 1039 1650 cnim
1063 1588 1101 1650 in
1126 1604 1277 1650 sermone

154 1695 210 1754 est
226 1709 378 1773 regnum
395 1690 467 1770 dei,
492 1690 553 1753 sed
570 1692 604 1753 in
626 1692 777 1754 uirtute.
817 1696 852 1755 et
875 1690 961 1772 quid
984 1691 1126 1755 uultis?
1150 1691 1278 1754 ueniam
1327 1676 1329 1697 '

155 1795 197 1858 ad
221 1812 284 1858 uos
308 1795 344 1856 in
368 1795 474 1878 uirga
498 1813 542 1857 an
566 1795 602 1857 in
627 1796 762 1877 spiritu
786 1796 979 1859 lenitatis?
1017 1796 1092 1876 quid
1117 1797 1200 1859 enim
1223 1793 1279 1858 sub·

155 1903 243 1962 crat?
280 1899 429 1962 auditur
452 1899 488 1962 in
513 1899 619 1963 uobis
643 1900 678 1962 in
703 1904 822 1963 totum
845 1900 1045 1964 fornicatio
1067 1904 1105 1965 et
1121 1900 1210 1964 talis
1225 1900 1280 1963 for-

104 2031 127 2068 rs
156 2004 310 2083 dicatio,
342 2003 464 2084 qualis
489 2005 613 2067 necin
636 2003 829 2087 gentibus,
860 2008 900 2068 ut
922 2022 1072 2068 uxorem
1096 2002 1280 2087 patrissui

154 2109 236 2189 quis
252 2107 397 2171 habeat.
434 2111 469 2172 et
485 2127 550 2172 uos
569 2110 695 2172 inflati
712 2109 820 2188 estis
845 2112 880 2172 et
896 2127 967 2172 non
983 2109 1139 2172 luxistis
1155 2108 1280 2191 potius,

155 2217 194 2276 ut
226 2213 419 2276 auferatur
450 2214 491 2276 de
523 2214 643 2277 medio
674 2216 839 2276 uestrum
870 2213 931 2294 qui
962 2213 1037 2277 tale
1063 2213 1212 2276 facinus
1238 2211 1282 2276 ad·

158 2317 282 2380 misit?
320 2335 375 2399 pro
399 2335 459 2398 quo
483 2318 648 2400 lugerent?
667 2375 670 2383 ,
687 2318 794 2398 utique
817 2335 873 2399 pro
897 2320 1028 2381 mortuo.
1069 2316 1109 2380 ad
1132 2336 1226 2399 quem
1245 2317 1283 2379 lu-

156 2425 289 2505 gerent?
324 2421 431 2502 utique
454 2422 493 2484 ad
518 2422 688 2501 dominum,
712 2425 748 2485 ut
771 2439 831 2503 quo
855 2422 946 2485 modo
966 2422 1127 2485 auferatur
1142 2421 1180 2484 de
1196 2420 1284 2483 medio

104 2557 129 2593 ao
157 2545 274 2606 corum,
300 2544 361 2589 non
385 2526 492 2608 utique
515 2530 550 2589 ut
574 2530 660 2589 extra
683 2527 846 2589 ecelesiam
870 2527 969 2589 detur.
1008 2527 1066 2589 hoc
1090 2508 1176 2588 enim
1199 2541 1286 2589 nona

156 2631 212 2694 dec
244 2632 454 2712 postularetur
483 2631 563 2712 quod
588 2635 654 2694 erat
678 2633 709 2694 in
732 2631 937 2712 praesidentis
961 2629 1076 2710 officio,
1108 2628 1163 2694 sed
1186 2633 1221 2693 ut
1241 2647 1287 2711 par

156 2739 288 2799 mortem
319 2736 400 2798 hane
430 2753 552 2816 quoque
584 2754 782 2800 communem
814 2740 844 2799 et
874 2735 1031 2818 propriam
1061 2736 1166 2798 carnis
1189 2734 1287 2816 ipsius,

157 2860 235 2921 qnae
247 2841 312 2904 iam
324 2840 456 2903 cadauer
468 2841 681 2922 corruptiuum
700 2843 782 2904 esset
798 2843 829 2903 et
844 2839 1043 2903 immunditia
1059 2837 1289 2921 inrecuperabili

157 2945 327 3024 tabiosum,
359 2945 480 3026 plenius
511 2945 548 3007 de
580 2945 709 3008 ecclesia
737 2944 863 3007 deberet
887 2944 1010 3008 auferri.
1057 2947 1087 3007 et
1115 2944 1195 3023 ideo,
1222 2960 1290 3024 quo·

105 3076 130 3114 11
157 3068 217 3130 quo
238 3050 328 3113 modo
353 3049 476 3112 interim
500 3049 602 3130 potuit
626 3049 750 3128 auferri,
775 3049 924 3112 iudicauit
946 3048 1121 3111 dedendum
1146 3046 1292 3111 eiusmodi

157 3157 285 3216 satanae
316 3153 347 3216 in
379 3153 540 3218 interitum
571 3154 682 3216 carnis.
730 3153 873 3216 maledici
896 3153 979 3216 enim
1004 3170 1074 3215 eam
1098 3152 1292 3233 sequebatur,

157 3275 236 3338 quac
271 3257 393 3320 diabolo
428 3257 652 3339 proiciebatur,
690 3261 725 3319 ut
759 3261 953 3321 sacramento
977 3256 1213 3320 <benedictionis
1247 3274 1294 3318 er-

158 3365 370 3424 auctoraretur
391 3380 563 3442 numquam
584 3363 615 3425 in
637 3366 740 3425 eastra
763 3362 911 3425 ecclesiae
934 3378 1105 3425 reuersum.
1155 3361 1294 3424 uidemus

157 3466 262 3547 itaque
286 3465 344 3529 hoc
369 3466 399 3528 in
424 3466 489 3528 loco
513 3466 644 3529 diuisam
662 3467 790 3549 apostoli
809 3466 1009 3529 seueritatem
1029 3464 1061 3528 in
1078 3464 1238 3547 quendam
1253 3465 1296 3528 in·

217 3682 287 3750 ·l]
309 3686 320 3736 1
342 3681 401 3736 t'or.
421 3686 459 3745 lb,
480 3686 519 3737 12.
592 3681 701 3750 2111111.
723 3685 818 3745 11111.
891 3681 918 3750 5]
937 3679 1001 3734 ibid.
1017 3683 1056 3744 16,
1070 3683 1110 3736 22.
1186 3681 1215 3750 8]
1235 3679 1296 3735 ibid.

156 3773 180 3832 l,
196 3771 228 3824 18
241 3785 296 3836 sqq.
353 3769 396 3837 14]
416 3769 480 3822 ibid.
495 3773 518 3833 5,
534 3773 545 3824 l
561 3785 616 3836 sqq.

201 3968 557 4035 dnrar·a11atha0,ora.B
629 3970 749 4022 it'eruet
770 3969 832 4022 Gal:
855 3970 942 4020 seruet
960 3969 986 4021 B
1058 3966 1143 4022 12111
1164 3967 1231 4021 odei.
1253 3968 1300 4022 Ga

158 4058 189 4109 lb
213 4058 243 4107 ut
265 4072 316 4122 quo
339 4054 703 4121 (iclestaliquo)1nodoB,
729 4054 860 4122 quomodo
880 4056 909 4107 ut
932 4055 991 4121 Urs,
1014 4052 1147 4121 quomodo
1166 4054 1249 4122 Paos,
1272 4058 1300 4107 ut

157 4158 260 4209 quoquo
279 4141 357 4194 modo
376 4144 431 4196 Lot
503 4144 536 4195 20
555 4158 570 4193 a
589 4140 637 4193 deo
658 4142 720 4197 Gal:
744 4141 808 4194 adeo
827 4143 854 4196 B
923 4143 957 4196 23
981 4140 1166 4208 corruptiuurn
1187 4143 1301 4212 scripsi:

157 4245 207 4294 quo
227 4229 361 4297 captiuum
382 4230 416 4294 B,
436 4227 506 4295 qnod
526 4228 660 4296 captiuum
683 4230 739 4294 Gel,
760 4229 828 4295 quod
848 4228 1032 4296 corruptiuum
1050 4229 1114 4295 Lat,
1134 4243 1203 4295 quae
1224 4245 1301 4298 capu-

157 4315 213 4369 lum
235 4318 286 4372 Urs
339 4318 408 4368 esset
426 4319 452 4367 et
470 4317 539 4370 Lot:
557 4317 625 4367 esset
642 4317 670 4368 B
722 4318 756 4369 24
774 4331 878 4382 quoquo
897 4314 976 4367 modo
993 4315 1106 4384 scripsi:
1124 4315 1302 4382 quomodoB

20 4536 134 4630 ‘N
