2820 4914
235 373 297 439 348
466 375 578 440 Quinti
599 375 737 444 Septimi
756 376 923 430 Florentis
941 376 1143 430 Tertulliani

235 551 317 614 uitae
342 553 501 634 septennio
522 552 712 616 excruciatae
727 552 809 616 iufra
825 557 940 617 terram
954 554 1067 634 inedia,
1090 554 1231 637 ignauia,
1256 556 1373 636 umbra,

235 656 285 718 cui
308 657 387 720 tanti
411 657 469 721 fuit
490 656 652 720 fastidium
667 658 755 737 caeli,
780 677 874 739 quarn
891 676 952 722 nou
968 659 1135 723 accesserit
1152 661 1370 743 temeritatem,

236 779 329 841 quam
360 780 422 824 non
449 763 649 844 temptauerit
673 762 894 842 curiositatem,
925 767 959 826 ut
982 762 1020 826 ad
1044 767 1153 827 notam
1178 764 1273 847 clipei
1296 764 1367 828 illins

234 866 432 946 perueniret?
478 856 551 947 quid
574 870 689 946 autem,
714 866 739 928 si
762 867 794 929 in
817 867 953 930 historiis
977 867 1132 948 aliquibus
1158 869 1363 932 occultioribus

196 998 209 1036 s
235 971 392 1051 repperit?
437 971 521 1051 quid,
550 971 576 1033 si
599 970 738 1035 defectae
762 971 825 1034 iam
848 971 1023 1035 traditionis
1048 974 1234 1055 superstites
1259 975 1361 1056 aliquas

235 1077 337 1139 famae
361 1075 487 1139 aurulas
510 1076 635 1139 hausit?
681 1076 754 1156 quid
778 1076 804 1139 si
828 1075 866 1139 ab
891 1076 1015 1140 aedituo
1039 1076 1203 1160 redempta
1225 1079 1305 1143 olam
1323 1079 1358 1141 in·

237 1181 394 1262 spectione
422 1181 589 1262 cognouit?
634 1180 750 1243 scimus
774 1181 868 1243 etiam
891 1181 1029 1264 magiam
1053 1182 1157 1245 dicere
1181 1183 1356 1264 explorandis

236 1287 365 1350 occultis
388 1285 641 1368 pericatabolicos
665 1289 696 1348 et
717 1286 863 1367 paredros
888 1290 919 1350 et
933 1287 1117 1369 pythonicos
1136 1288 1273 1370 spiritus.
1308 1307 1354 1351 non

237 1391 320 1454 enim
353 1395 383 1454 et
405 1390 600 1472 Pherecydes
624 1390 822 1474 Pythagorae
851 1392 1001 1474 magister
1029 1392 1077 1455 his
1100 1393 1233 1456 forsitan
1256 1392 1354 1456 artibus

185 1520 210 1558 10
236 1495 408 1575 diuinabat,
431 1515 471 1558 ne
494 1495 595 1558 dicam
619 1493 817 1558 somniabat?
852 1496 935 1576 quid,
960 1495 986 1559 si
1009 1496 1091 1559 idem
1115 1497 1248 1560 daemon
1270 1497 1353 1560 inillo

236 1602 306 1680 luit,
329 1600 380 1681 qui
404 1604 435 1663 et
457 1600 489 1662 in
512 1599 678 1680 Euphorbo
701 1619 751 1663 res
775 1600 935 1682 sanguinis
958 1601 1076 1683 gessit?
1111 1601 1244 1681 denique
1266 1601 1354 1682 quise

236 1704 439 1787 Euphorbum
464 1724 499 1767 ex
523 1707 708 1787 argumento
731 1704 820 1785 clipei
841 1703 998 1787 probarat,
1022 1724 1077 1767 our
1092 1705 1253 1769 neminem
1268 1704 1355 1768 Troia·

237 1828 347 1873 norum
379 1809 625 1872 commilitonum
654 1826 750 1889 aeque
773 1810 973 1892 recognouit‘i
1019 1827 1093 1872 nam
1117 1814 1149 1873 et
1171 1810 1218 1873 illi
1241 1810 1300 1873 iam
1319 1829 1356 1872 re·

237 1915 398 1994 uixissent,
422 1914 449 1976 si
471 1913 536 1976 uiui
560 1933 595 1975 ex
619 1913 749 1976 mortuis
772 1912 892 1976 fierent.
1402 1966 1404 1999 ,

185 2043 210 2081 15
280 2017 331 2081 29.
355 2018 497 2081 Mortuos
521 2019 647 2098 quidem
670 2038 706 2081 ex
729 2018 810 2081 uiuis
834 2016 915 2080 effici
938 2021 1071 2099 constat,
1095 2037 1158 2082 non
1181 2019 1249 2083 ideo
1269 2022 1360 2082 tamen

238 2127 268 2186 et
299 2143 334 2186 er
365 2123 497 2186 mortuis
528 2124 626 2186 uiuos.
672 2122 711 2186 ab
743 2122 830 2186 initio
862 2122 945 2185 enim
975 2122 1041 2185 uiui
1067 2123 1200 2205 priores,
1233 2123 1311 2187 unde
1331 2122 1360 2185 ab

237 2227 326 2290 initio
357 2246 454 2308 aeque
485 2227 600 2290 mortui
630 2227 825 2309 posteriores,
871 2244 933 2290 non
960 2227 1083 2290 aliunde
1106 2246 1203 2308 quam
1222 2248 1262 2308 er
1284 2227 1362 2290 uiuis.

237 2333 284 2395 illi
307 2332 484 2396 habuerunt
506 2332 588 2395 unde
610 2332 715 2415 potius
739 2332 903 2412 orirentur,
926 2332 1000 2394 dum
1024 2351 1062 2394 ne
1086 2351 1122 2394 ex
1146 2333 1288 2396 mortuis
1322 2332 1364 2395 isti

239 2455 300 2500 non
323 2437 501 2500 habuerunt
524 2437 605 2500 unde
629 2437 729 2520 magis
753 2435 990 2517 deducerentur,
1014 2436 1074 2500 nisi
1098 2456 1134 2499 ex
1154 2437 1248 2500 niuis.
1282 2437 1365 2520 igitur

186 2567 212 2605 20
239 2543 265 2606 si
290 2543 328 2605 ab
352 2542 439 2605 initio
462 2542 525 2604 uiui
549 2560 610 2605 non
634 2560 669 2604 ex
693 2541 834 2620 mortuis,
858 2559 912 2604 cur
934 2544 1043 2623 postea
1066 2560 1101 2604 ex
1124 2541 1281 2605 mortuis?
1323 2541 1366 2604 de·

237 2648 355 2711 iecerat
370 2648 432 2727 ille,
457 2647 644 2728 quicumque
661 2648 719 2726 est,
743 2646 869 2728 originis
886 2645 977 2709 fons?
1011 2663 1052 2708 an
1067 2646 1186 2709 formae
1202 2647 1367 2727 paenituit?

239 2757 270 2816 et
293 2753 446 2834 quomodo
468 2752 500 2813 in
524 2751 655 2814 mortuis
678 2750 766 2814 salua
789 2753 857 2814 est?
903 2768 965 2814 non
989 2750 1062 2830 quia
1084 2749 1123 2813 ab
1147 2750 1239 2814 initio
1265 2749 1368 2814 mortni

239 2877 275 2919 ex
298 2857 389 2936 uiuis,
413 2857 525 2920 idcirco
549 2874 672 2937 semper
696 2875 731 2918 ex
755 2855 856 2919 uiuis?
877 2852 880 2939 l
902 2857 956 2918 aut
979 2854 1117 2917 enimin
1140 2858 1276 2935 utraque
1292 2857 1404 2937 partetl

238 2963 339 3025 forma
361 2962 440 3025 initii
462 2965 704 3042 perseuerasset,
728 2964 783 3024 aut
805 2960 836 3023 in
860 2963 991 3041 utraque
1007 2962 1173 3039 mutasset,
1197 2963 1233 3023 ut
1249 2960 1276 3023 si
1291 2960 1369 3022 uiuos

187 3093 212 3132 rs
240 3086 274 3130 er
298 3066 428 3130 mortuis
451 3070 561 3147 postea
583 3064 650 3129 fieri
673 3068 859 3146 oportuerat,
882 3064 1009 3147 perinde
1033 3066 1190 3146 oporteret
1205 3065 1302 3128 etiam
1317 3082 1370 3127 non

240 3191 275 3233 ex
304 3171 386 3234 uiuis
418 3169 498 3233 effici
530 3174 677 3234 mortuos.
725 3170 752 3232 si
779 3187 841 3233 non
863 3187 1054 3250 peraequare
1078 3167 1208 3232 deberet
1232 3169 1310 3232 fides
1332 3168 1371 3231 in·

240 3276 424 3356 stitutioniS,
455 3294 517 3339 non
545 3293 768 3355 usquequaque
792 3274 946 3338 contraria
969 3292 1004 3336 ex
1028 3273 1190 3337 contrariis
1215 3271 1370 3337 reformari

239 3381 405 3444 alternant.
452 3385 483 3443 et
513 3398 569 3443 nos
601 3379 684 3443 euim
712 3397 904 3461 opponemus
928 3377 1164 3442 contrarietates
1187 3378 1257 3441 nati
1280 3381 1311 3442 et
1331 3377 1370 3440 in·

239 3487 314 3565 nati,
338 3484 526 3548 uisualitatis
550 3488 581 3547 et
604 3483 774 3562 caecitatis,
801 3484 948 3546 iuuentae
972 3485 1004 3545 et
1026 3484 1182 3562 senectae,
1208 3482 1370 3565 sapientiae

283 3733 299 3784 3
317 3728 432 3781 tentauit
451 3729 479 3781 B
532 3730 548 3781 fi
567 3726 677 3780 aedetuo
696 3727 723 3780 A
781 3727 796 3779 7
815 3724 932 3792 magiam
950 3725 1062 3792 scripsi:
1081 3723 1184 3791 magiae
1204 3725 1270 3790 AB,
1289 3738 1370 3790 magos

242 3817 292 3872 θεῖ
352 3815 431 3869 licere
449 3817 476 3869 A
533 3819 549 3872 8
568 3812 785 3883 pericatabolioos
803 3813 915 3880 scripsi:
932 3828 980 3881 per
998 3809 1156 3865 catabolicos
1174 3811 1242 3879 AB,
1259 3814 1371 3879 procata-

239 3903 338 3957 bolioos
359 3903 408 3959 Get
461 3901 606 3971 parhedros
624 3904 650 3955 A
704 3899 882 3967 9pirecydes.
902 3900 929 3952 A
982 3897 1111 3952 sorsanB
1166 3900 1199 3952 ll
1220 3897 1307 3966 gessit
1320 3897 1372 3953 Go:

239 3991 318 4044 cessit
340 3992 394 4044 AB
468 3993 499 4044 12
522 3990 549 4042 in
573 3987 756 4057 euphorbbum
779 3986 811 4053 (b
830 3988 913 4055 prius
931 3986 1010 4046 eros.)
1028 3987 1055 4039 A
1128 3986 1160 4038 16
1183 3987 1212 4038 et
1231 3987 1267 4054 B,
1292 3983 1394 4038 5111111

242 4082 274 4135 18
291 4077 440 4130 habuerant
457 4079 484 4131 B
537 4076 625 4144 potius
644 4077 767 4127 orrentur
785 4074 918 4140 (errentur
935 4074 973 4139 B)
991 4073 1055 4140 AB,
1077 4070 1315 4139 proficiscerentur
1334 4071 1373 4127 Gal

241 4169 273 4221 19
291 4165 434 4219 habuerint
452 4166 479 4218 B
541 4163 591 4216 nisi
611 4179 639 4214 ex
659 4161 728 4214 uiuis
747 4162 796 4216 del.
818 4162 867 4216 eea
928 4162 959 4215 21
980 4158 1075 4226 origini
1096 4159 1121 4211 A
1188 4161 1224 4213 24
1242 4159 1273 4212 in
1293 4157 1374 4212 autin

240 4256 346 4308 Acorr.
395 4254 426 4304 ut
444 4251 466 4304 si
483 4253 519 4319 B,
538 4250 600 4304 siA
648 4252 681 4304 26
700 4247 822 4302 uisuisA
836 4265 903 4303 corr.
951 4249 1078 4309 mortuos
1098 4245 1119 4297 si
1139 4260 1202 4311 non,
1222 4259 1375 4315 peraequare

241 4339 347 4393 deberet
366 4341 476 4408 distioy.
496 4339 639 4394 Hostilius
692 4339 725 4391 29
744 4335 785 4388 uis
804 4333 923 4388 ualitatis
942 4335 969 4387 A
