2820 4914
204 369 247 434 54
268 370 271 378 '
431 368 546 435 Quinti
564 367 887 437 SeptimiFlorentis
906 367 1107 422 Tertulliani

204 544 329 629 beris),
353 541 530 609 meminisse
551 544 700 608 debemus
724 544 819 608 etiam
840 545 873 608 in
891 544 995 608 uerbis
1010 561 1132 626 quoque
1147 542 1344 607 idololatriae

205 650 366 713 incursum
392 649 643 732 praecauendum
671 652 725 713 aut
752 649 789 712 de
817 648 1050 712 consuetudinis
1078 648 1154 712 uitio
1177 650 1235 712 aut
1256 647 1344 711 timi-

206 753 320 817 ditatis.
366 753 438 817 deos
461 752 623 817 nationum
647 753 801 816 nominari
823 753 872 816 lex
894 752 1039 835 prohibet
1058 771 1120 816 non
1135 752 1260 834 utique:
1287 768 1344 816 no·

205 858 291 921 mina
313 875 419 921 eorum
441 858 690 940 pronuntiemus,
713 875 792 939 quae
815 856 904 921 nobis
927 860 962 921 ut
984 857 1123 921 dicamus
1144 857 1343 921 conuersatio

166 988 180 1028 e
207 964 376 1044 extorquet.
415 979 488 1025 nam
511 961 542 1024 id
564 962 747 1044 plerumque
771 961 937 1025 dicendum
954 964 1014 1025 est:
1038 962 1070 1024 in
1087 962 1204 1044 templo
1219 960 1344 1025 Aescu-

205 1066 280 1148 lapii
301 1066 390 1130 illum
408 1065 526 1145 ,habes
557 1069 597 1146 et,
625 1066 657 1129 in
683 1066 752 1129 uico
775 1065 866 1129 Isidis
889 1065 1007 1146 habito,
1035 1068 1066 1129 et
1089 1066 1232 1129 sacerdos
1255 1065 1343 1130 Iouis

206 1171 307 1235 factus
331 1173 388 1251 est,
413 1173 443 1234 et
466 1171 565 1234 multa
588 1170 649 1234 alia
668 1170 700 1233 in
716 1171 799 1234 hunc
815 1170 953 1250 modum,
976 1169 1099 1252 quando
1116 1172 1146 1233 et
1160 1169 1343 1234 hominibus

208 1276 267 1339 hoc
290 1293 388 1358 genus
412 1274 538 1338 nomina
561 1274 758 1338 inducuntur.
797 1292 896 1356 neque
920 1273 1005 1337 enim
1020 1273 1189 1339 Saturnum
1212 1274 1343 1355 honoro,

207 1379 234 1442 si
256 1379 301 1443 ita
323 1396 474 1442 uocauero
498 1398 570 1441 eum
593 1397 648 1443 suo
672 1379 812 1454 nomine;
836 1382 902 1443 tam
917 1397 979 1442 non
994 1379 1121 1460 honoro,
1144 1396 1239 1460 quam
1255 1379 1343 1443 Mar·

158 1509 182 1548 ro
208 1501 291 1563 cum,
312 1483 338 1546 si
352 1500 503 1547 uocauere
519 1483 672 1547 Marcum.
715 1484 770 1547 sed
784 1484 842 1547 ait:
866 1501 996 1547 nomen
1013 1484 1168 1547 aliorum
1192 1483 1343 1548 deorum

207 1607 250 1651 no
281 1588 619 1652 commemoremini
649 1607 768 1670 neque
799 1587 972 1652 audiatur
1003 1588 1045 1651 de
1074 1591 1136 1652 tuo
1166 1605 1236 1651 ore.
1285 1589 1343 1653 hoc

207 1692 373 1774 praecepit,
396 1711 435 1756 ne
459 1692 531 1756 deos
553 1711 700 1756 nocemus
720 1692 799 1756 illos.
845 1710 919 1755 nam
939 1695 970 1756 et
985 1692 1017 1755 in
1032 1692 1133 1775 prima
1146 1694 1235 1773 parte
1251 1692 1343 1776 legis,

113 1862 117 1871 ,
208 1814 279 1861 non
302 1815 433 1877 sumes,
457 1797 568 1878 inquit,
591 1814 725 1860 nomen
748 1796 887 1860 domini
910 1796 967 1860 dei
990 1797 1045 1860 tui
1067 1796 1104 1860 in
1127 1814 1220 1860 uano
1245 1796 1345 1862 idest

208 1900 299 1964 idolo.
367 1901 476 1964 cecidit
503 1902 596 1984 igitur
623 1902 655 1965 in
681 1900 888 1965 idololatriam
916 1901 968 1983 qui
997 1900 1115 1964 idolum
1144 1901 1271 1964 nomine
1296 1902 1345 1964 dei

157 2029 181 2070 re
208 2004 415 2069 honorauerit.
483 2004 592 2086 quodsi
619 2005 691 2069 deos
715 2004 879 2068 dicendum
903 2005 970 2085 erit,
999 2004 1194 2068 adiciendum
1217 2008 1267 2069 est
1291 2005 1346 2068 ali-

208 2109 283 2191 quid
305 2127 364 2191 quo
388 2113 546 2192 appareat,
570 2111 725 2191 quianon
750 2127 805 2193 ego
828 2110 897 2173 illos
921 2108 994 2172 deos
1015 2108 1090 2173 dico.
1130 2126 1203 2173 nam
1220 2112 1251 2173 et
1268 2109 1346 2173 scri-

208 2216 300 2296 ptura
323 2214 395 2277 deos
418 2214 567 2294 nominat,
591 2214 646 2277 sed
668 2215 761 2277 adicit
777 2231 847 2277 suos
864 2214 916 2277 uel
932 2214 1109 2286 nationum;
1133 2213 1213 2277 sicut
1228 2213 1345 2295 Dauid,

210 2336 282 2382 cum
304 2317 377 2381 deos
408 2318 615 2398 nominasset,
643 2318 696 2382 ubi
723 2318 775 2397 ait,
803 2317 860 2381 dei
887 2321 1010 2381 autem
1038 2317 1229 2380 nationum
1262 2318 1347 2382 dae-

210 2422 339 2486 monia.
386 2422 439 2486 sed
468 2423 526 2486 hoc
556 2422 633 2485 mihi
661 2422 699 2486 ad
722 2422 886 2504 sequentia
908 2422 1008 2505 magis
1031 2424 1263 2503 praestructum
1287 2427 1346 2487 est.

158 2550 183 2591 ao
210 2530 349 2591 ceterum
372 2526 602 2590 consuetudinis
625 2527 737 2591 uitium
754 2530 801 2589 est
821 2526 999 2590 Mehercule
1016 2525 1127 2607 dicere,
1151 2525 1276 2590 Medius
1294 2527 1348 2590 Fi-

209 2631 290 2712 dius,
307 2631 472 2695 accedente
489 2631 665 2714 ignorantia
680 2631 883 2712 quorundam,
899 2630 952 2713 qui
967 2631 1112 2714 ignorant
1127 2630 1348 2695 iusiurandum

210 2754 278 2800 esse
307 2754 363 2818 per
385 2735 563 2799 Herculem.
630 2753 720 2818 porro
748 2734 821 2816 quid
849 2735 908 2799 erit
935 2734 1081 2798 deieratio
1108 2754 1163 2817 per
1190 2753 1347 2818 eosquos

210 2839 336 2904 eierasti
359 2857 454 2921 quarn
476 2839 701 2921 praeuaricatio
724 2838 796 2902 fidei
820 2857 891 2902 cum
921 2839 1114 2903 idololatria?
1149 2839 1217 2920 quis
1249 2841 1346 2921 enim,

210 2963 265 3028 per
288 2961 364 3025 quos
388 2944 513 3024 deierat,
537 2961 599 3008 non
621 2944 777 3008 honorat?

159 3072 184 3114 se
254 3044 305 3109 21.
330 3046 520 3121 Timiditatis
537 3051 584 3111 est
600 3051 715 3127 autern,
739 3065 810 3110 cum
826 3049 857 3110 te
873 3047 951 3110 alius
966 3067 1021 3130 per
1037 3046 1109 3111 deos
1133 3065 1204 3111 suos
1226 3047 1348 3133 obligat

210 3151 363 3214 iuratione
386 3152 437 3215 uel
453 3151 556 3232 aliqua
571 3150 788 3216 testificatione
805 3155 834 3214 11
851 3155 895 3231 tu,
919 3169 958 3214 ne
973 3152 1175 3235 intellegeris,
1199 3153 1346 3234 quiescis.

211 3273 285 3318 nam
301 3273 397 3336 aeque
413 3255 597 3337 quiescendo
614 3254 778 3319 confirmas
794 3255 992 3319 maiestatem
1008 3274 1125 3336 eorum,
1146 3256 1234 3320 cuius
1251 3275 1348 3322 causa

211 3358 366 3422 uideberis
390 3359 554 3443 obligatus.
600 3359 675 3442 quid
703 3360 808 3439 refert,
836 3359 909 3423 deos
933 3360 1096 3424 nationum
1119 3359 1246 3424 dicendo
1272 3361 1347 3426 deos

212 3482 251 3528 an
274 3463 426 3528 audiendo
449 3463 635 3528 confirmes?
669 3464 751 3527 iures
775 3483 829 3546 per
852 3464 943 3544 idola,
975 3482 1014 3527 an
1038 3463 1077 3528 ab
1101 3465 1160 3527 alio
1184 3464 1347 3531 adiuratus

159 3594 185 3634 eo
212 3569 412 3650 acquiescas?
444 3587 498 3632 cur
520 3587 583 3632 non
606 3586 809 3652 agnoscamus
833 3568 987 3631 uersutias
1011 3570 1148 3649 satanae,
1175 3568 1239 3650 qui,
1264 3571 1350 3651 quod

212 3690 263 3736 ore
286 3675 392 3736 nostro
416 3672 562 3754 perficere
586 3690 648 3736 non
672 3675 785 3755 potest,
816 3671 847 3734 id
878 3672 951 3755 agit,
982 3675 1018 3735 ut
1046 3690 1174 3736 suorum
1201 3690 1253 3736 ore
1275 3693 1349 3756 per·

212 3775 296 3839 ficiat
318 3795 373 3858 per
396 3794 487 3840 aures
510 3776 647 3840 inferens
671 3775 761 3840 nobis
784 3775 1015 3840 idololatriam?
1039 3779 1122 3839 certe
1138 3776 1279 3859 quisquis
1294 3779 1350 3845 ille

317 3920 360 3989 10]
379 3920 533 3986 Ε11.23,13.
595 3921 639 3990 13]
658 3921 703 3975 Ex.
718 3922 759 3986 20,
773 3923 796 3976 7.
858 3921 903 3990 18]
921 3920 965 3974 Ps.
977 3923 1034 3985 115,
1044 3923 1069 3975 4.

257 4049 371 4106 letiam
388 4051 423 4118 Β,
442 4067 497 4104 esse
513 4053 564 4108 Urs
617 4054 683 4107 3ne
701 4051 809 4104 nomina
823 4051 873 4106 Gal
926 4051 988 4106 6111
1006 4051 1069 4106 odd.
1083 4051 1138 4121 Rq
1191 4052 1248 4107 9si
1267 4068 1350 4122 quem

212 4138 251 4192 ita
268 4139 318 4194 Ura
371 4154 432 4191 eum
451 4139 498 4193 del.
518 4140 568 4195 Urs
622 4140 653 4193 11
673 4137 924 4192 commemorabitur
946 4139 1004 4207 Ure,
1024 4138 1264 4193 comminiscamini
1281 4143 1349 4209 fort.

213 4240 257 4278 ore
275 4226 321 4278 tuo
342 4226 391 4281 ceu
445 4227 477 4280 18
496 4225 533 4278 dii
551 4226 578 4280 B
630 4226 663 4280 22
682 4224 733 4278 1111
749 4226 818 4280 Lot:
836 4226 931 4279 eratB
984 4226 1018 4280 28
1036 4224 1133 4278 uideris
1146 4227 1202 4281 losa
1254 4228 1352 4284 32111-

213 4309 300 4366 ferens
320 4312 382 4367 Gal:
400 4310 498 4365 inferes
516 4313 543 4366 B
