2820 4914
162 389 226 453 300
392 389 504 454 Quinti
526 391 665 459 Septimi
683 390 850 444 Florentio
868 391 1069 445 Tertulliani

161 565 282 629 scilicet
305 566 467 649 negotium
491 566 636 630 nauantis
660 568 741 631 socio
758 585 825 647 suo,
848 571 966 649 quanto
982 567 1105 652 dignior
1121 572 1212 650 atque
1225 589 1278 634 con·

161 671 292 734 stantior
316 669 512 735 Christianae
536 672 708 754 sapientiae
731 672 876 753 adsertio,
904 673 991 737 cuius
1015 671 1144 737 adflatui
1166 675 1225 737 tota
1242 674 1274 736 uis

160 773 347 838 daemonum
370 776 471 839 cedit?
511 776 587 840 haec
611 777 765 859 sapientia
788 777 825 840 de
849 777 955 842 schola
977 777 1056 842 caeli
1080 777 1154 843 deos
1176 779 1271 860 quiden

160 879 276 942 saeculi
307 898 422 962 negare
452 879 588 960 liberior,
620 899 699 961 quae
730 881 852 944 nullum
875 881 1063 964 Aesculapio
1094 882 1271 965 gallinacem

122 1008 134 1045 ε
160 983 246 1047 reddi
276 983 387 1046 iubens
418 985 651 1066 praeuaricetur
682 1003 739 1048 nec
771 1003 852 1050 noue
882 987 1019 1050 inferens
1042 985 1212 1068 daemonia,
1235 986 1271 1050 sed

160 1091 267 1151 uetera
297 1088 455 1170 depellens
486 1107 543 1152 nee
578 1089 825 1154 adulescentiam
859 1090 985 1171 uitians,
1020 1090 1075 1155 sed
1106 1091 1191 1155 omni
1215 1090 1271 1154 bono

159 1193 284 1275 pudoris
309 1193 482 1256 informans
506 1194 637 1275 ideoque
661 1213 721 1259 non
746 1194 838 1259 unius
862 1195 959 1276 urbis,
982 1194 1038 1259 sed
1058 1196 1196 1260 uniuersi
1212 1194 1271 1259 orbis

159 1298 299 1379 iniquam
316 1298 505 1361 sententiam
522 1299 682 1362 sustinens
698 1317 753 1382 pro
770 1300 896 1363 nomine
916 1299 1060 1363 ueritatis
1076 1303 1165 1364 tento
1182 1299 1272 1364 sciicel

158 1402 324 1485 perosioris
348 1406 464 1482 quanto
487 1403 646 1486 plenioris,
677 1407 713 1467 ut
743 1408 774 1467 et
806 1408 939 1467 mortem
967 1423 1029 1468 non
1052 1403 1090 1468 de
1113 1405 1217 1487 poculo
1234 1422 1272 1486 per

108 1533 132 1570 ιε
158 1507 302 1571 habitum
325 1507 525 1571 iocunditatis
543 1507 718 1588 absorbeat,
742 1509 797 1572 sed
813 1509 850 1572 de
866 1507 1008 1590 patibulo
1024 1513 1056 1573 et
1075 1507 1272 1573 uiuicombnrio

158 1631 213 1694 per
236 1630 328 1675 omne
351 1612 512 1695 ingenium
535 1612 729 1677 crudelitatis
753 1613 923 1693 exhauriat,
947 1613 1068 1678 interea
1087 1614 1121 1677 in
1136 1614 1195 1678 isto
1208 1616 1273 1677 tene·

159 1715 296 1781 brosiore
319 1735 441 1780 carcere
465 1718 581 1781 saeculi
603 1719 685 1782 inter
708 1737 780 1782 suos
802 1717 936 1783 Cebetas
960 1723 992 1782 et
1015 1737 1088 1783 suos
1103 1719 1273 1795 Phaedonas,

159 1821 185 1884 si
216 1820 290 1902 quid
320 1822 358 1884 de
389 1822 495 1885 anima
525 1822 765 1886 examinandum
796 1825 853 1902 eet,
887 1823 925 1885 ad
957 1823 1006 1886 dei
1028 1824 1155 1906 regulas
1179 1823 1274 1906 diriget.

158 1929 240 1989 certe
264 1926 386 1989 nullum
410 1926 505 1989 alium
528 1927 679 2009 potiorem
703 1927 825 1990 animae
849 1927 1132 1991 demonstratorem
1146 1927 1275 1992 habemus

108 2050 132 2090 ιε
159 2047 253 2111 quam
277 2034 445 2094 auctorem.
484 2048 502 2093 a
525 2031 581 2094 deo
605 2030 706 2094 discas
730 2032 812 2112 quod
836 2049 854 2094 a
876 2030 932 2095 deo
954 2031 1084 2112 habeas,
1109 2036 1165 2096 aut
1182 2049 1233 2096 nco
1249 2029 1275 2094 ab

159 2134 228 2214 alio,
252 2134 277 2197 si
301 2153 358 2197 nec
382 2153 398 2197 a
423 2134 488 2198 deo.
527 2135 597 2216 quis
618 2136 701 2198 enirn
722 2133 877 2199 reuelabit
892 2136 974 2216 quod
991 2135 1067 2200 deus
1084 2136 1182 2201 texit?
1213 2134 1277 2199 unde

158 2237 381 2302 sciscitandum
412 2241 479 2302 est?
518 2239 600 2302 unde
623 2242 655 2303 et
678 2240 821 2322 ignorare
843 2239 1040 2304 tutissimum
1063 2245 1122 2304 est.
1160 2240 1279 2324 praestat

156 2363 212 2425 per
236 2342 328 2406 deum
352 2342 482 2423 nescire,
514 2343 672 2425 quianon
702 2330 899 2423 ieuelauerit,
931 2362 1024 2424 quam
1052 2363 1108 2427 per
1138 2344 1279 2409 hominen

158 2449 247 2529 scire,
272 2448 343 2529 quia
365 2449 432 2531 ipse
455 2449 712 2532 praesumpserit.

106 2574 131 2611 20
200 2551 229 2616 2.
254 2551 352 2617 Plane
376 2570 437 2616 non
461 2552 647 2636 negabimus
671 2553 838 2635 aliquando
860 2553 1062 2637 philosophos
1085 2553 1174 2620 iuxta
1192 2557 1282 2618 nostra

158 2659 302 2721 sensisse.
342 2658 557 2722 testimonium
581 2662 629 2721 est
659 2657 801 2722 ueritatis
833 2660 965 2722 euentus
996 2658 1104 2739 ipsius.
1145 2677 1283 2724 nonnum·

157 2781 251 2843 quam
276 2766 306 2826 et
328 2763 360 2826 in
382 2763 519 2845 procella
535 2762 673 2826 confusis
690 2763 830 2846 uestigiis
846 2763 925 2827 caeli
941 2767 973 2827 et
988 2763 1061 2827 freti
1078 2763 1176 2845 aliqui
1192 2766 1284 2847 portus

158 2866 324 2930 offenditur
346 2885 494 2949 prospero
518 2884 630 2947 errore,
659 2884 895 2949 nonnumquam
923 2867 1009 2931 etin
1036 2868 1175 2932 tenebris
1199 2869 1285 2932 aditus

159 2971 285 3053 quidam
309 2975 340 3035 et
363 2971 462 3035 exitus
487 2971 761 3053 deprehenduntur
784 2990 876 3035 caeca
905 2971 1066 3036 felicitate.
1106 2973 1162 3036 sed
1191 2977 1223 3038 et
1243 2990 1286 3036 na·

105 3097 130 3137 εε
158 3078 228 3139 tura
249 3076 397 3158 pleraque
421 3079 631 3159 suggeruntur
647 3076 737 3157 quasi
754 3075 791 3139 de
807 3075 931 3158 publico
949 3095 1053 3156 sensu,
1078 3095 1140 3158 quo
1161 3078 1288 3142 animam

157 3180 232 3243 deus
257 3180 362 3245 dotare
385 3179 531 3263 dignatus
556 3183 612 3244 est.
652 3180 734 3243 hunc
765 3183 858 3243 nacta
879 3179 1076 3263 philosophia
1100 3181 1139 3245 ad
1167 3182 1289 3266 gloriam

155 3283 299 3367 propriae
322 3284 398 3348 artis
421 3283 545 3348 iufiauit
567 3302 641 3367 prae
664 3284 766 3348 studio
793 3286 868 3365 (uon
891 3285 1007 3347 mirum
1031 3284 1058 3348 si
1080 3285 1167 3350 istud
1190 3288 1234 3350 ita
1253 3285 1290 3348 di·

156 3387 268 3471 xerim)
292 3389 405 3470 eloquii
428 3389 551 3470 quiduis
576 3391 696 3452 struere
720 3392 813 3470 atque
830 3388 989 3452 destruere
1005 3388 1119 3454 eruditi
1135 3392 1290 3475 magisque

156 3493 286 3558 dicendo
308 3494 524 3575 persuadentis
547 3511 642 3576 quarn
659 3493 804 3557 docendo.
836 3494 952 3557 formas
968 3492 1062 3556 rebus
1078 3494 1224 3577 imponit,
1245 3511 1291 3558 eas

201 3652 212 3704 l
235 3650 399 3704 constantior
411 3649 578 3704 Christianae
596 3651 660 3705 Urs:
679 3650 843 3703 constantiae
857 3648 1023 3703 Christianae
1036 3651 1116 3717 etque
1132 3651 1162 3704 B
1215 3648 1293 3718 4gal·

155 3737 287 3790 linaceum
308 3738 371 3792 (sel.-
389 3737 532 3806 galliceum
550 3738 577 3791 B
630 3736 769 3792 8scilicet
782 3737 846 3791 Gcl:
864 3735 966 3790 scilieet
985 3737 1050 3790 etB
1105 3738 1135 3792 11
1156 3736 1210 3791 isto
1228 3740 1294 3791 tenc-

155 3822 273 3877 brosiore
297 3840 398 3877 earcere
419 3826 482 3880 Cel:
505 3825 570 3877 istos
589 3823 782 3877 tenebrosiores
801 3839 918 3876 carceres
941 3825 969 3877 B
1040 3825 1073 3878 13
1091 3823 1294 3878 examinandum

158 3911 222 3965 Ger.-
235 3911 352 3963 examine
366 3910 570 3964 examinandum
580 3911 607 3964 B
661 3910 767 3978 dirigat.
782 3914 852 3963 certe
864 3911 944 3978 Pom,
957 3909 1062 3977 diriget,
1072 3914 1146 3964 certa
1156 3913 1295 3967 Hortela'as

158 4000 190 4052 14
203 3997 368 4050 demonstras
381 3995 621 4051 demonstratorem
638 3999 764 4053 Ooblcras
816 3997 945 4050 hahemus
963 3997 1063 4052 addidi
1117 4000 1150 4053 15
1164 4002 1295 4053 auctorem

155 4084 268 4153 reperiet
285 4086 336 4140 Urs
390 4084 496 4139 ldinde
510 4087 563 4154 Rip
618 4087 649 4138 17
662 4085 1006 4154 iorterropotloaissipaam
1014 4086 1099 4154 posui
1152 4086 1216 4139 inde
1236 4087 1296 4143 acar

156 4175 187 4227 21
208 4172 333 4225 inuentus
352 4172 424 4225 Pom
493 4174 526 4225 27
546 4171 644 4241 mirum
663 4172 685 4224 si
707 4173 770 4228 oet.-
788 4171 887 4224 mirum
905 4172 1038 4240 (seqnitur
1055 4173 1158 4228 lamone
1176 4175 1297 4231 condamm

155 4259 330 4315 duodecimae
352 4260 514 4324 litterarum,
536 4260 567 4312 εἐε
589 4259 679 4314 aredio
703 4260 846 4314 αειεεεεεεεε
861 4260 970 4327 positos
988 4261 1037 4326 cst)
1060 4275 1113 4312 non
1132 4261 1170 4330 B,
1192 4261 1297 4325 mirum,

156 4345 178 4400 si
197 4347 224 4398 et
242 4362 289 4415 ego
307 4347 370 4415 fort.
