2820 4914
154 394 194 458 12
378 399 491 464 Quinti
509 402 648 470 Septimi
668 404 832 457 Florentis
851 405 1051 459 Tertulliani

153 573 192 635 ad
215 591 359 637 scaenam
383 593 401 639 a
423 577 548 660 templis
572 581 604 643 et
627 579 1129 665 111111111111111111111111111
1159 585 1190 644 et
1214 599 1306 644 san-

152 677 255 760 guinis
277 679 357 743 inter
380 680 471 745 tibias
495 686 526 746 et
548 682 639 747 tubas
662 684 725 748 itur
741 683 865 768 duobus
881 685 1142 771 inquinatissimis
1160 686 1291 750 arbitris

152 783 297 847 funerum
321 788 352 849 et
375 804 542 868 sacrorum,
574 788 783 874 dissignato,re
812 793 844 854 et
866 792 1039 875 haruspice.
1085 791 1130 854 ita
1152 809 1226 854 curn
1250 792 1290 854 de

154 887 323 972 originibus
338 889 482 954 ludorum
499 892 536 955 ad
549 892 700 957 circenses
716 895 907 975 transiimus,
922 896 993 958 inde
1009 914 1091 959 nunc
1107 896 1144 959 sd
1162 896 1285 979 scaeni-

115 1014 128 1053 s
153 1010 212 1077 cos,
232 993 321 1057 ludos
345 994 523 1078 dirigemus,
563 1015 581 1060 a
603 997 663 1062 loci
685 998 762 1062 uitio
784 1000 941 1063 theatrum
968 1000 1090 1083 proprie
1115 1000 1285 1063 sacrarium

154 1097 287 1181 Veneris
311 1101 366 1162 est.
409 1100 471 1185 ho,c
501 1101 631 1182 denique
661 1103 751 1171 modo
782 1103 813 1166 id
842 1122 941 1188 genus
972 1104 1071 1186 operis
1100 1104 1133 1167 in
1164 1105 1286 1167 saeculo

155 1201 262 1266 euasit.
302 1221 374 1267 narn
403 1222 501 1288 ,saepe
532 1223 679 1291 censores
710 1209 870 1271 nascentia
899 1226 970 1271 eum
1000 1208 1133 1271 maxime
1164 1209 1288 1272 theatra

155 1308 357 1374 destruebant
385 1309 530 1393 ,moribus
561 1311 777 1395 conscientes,
807 1330 938 1393 quorum
969 1312 1085 1375 scilicet
1113 1312 1288 1394 periculum

155 1415 266 1498 ingens
290 1415 328 1478 de
349 1414 479 1478 lasciuia
501 1414 720 1499 procidebant,
751 1420 786 1480 ut
815 1417 882 1501 iapn
909 1417 959 1480 hic
986 1416 1118 1480 ethnicis
1146 1417 1178 1480 in
1200 1416 1292 1480 testi-

105 1537 130 1576 10
156 1519 297 1584 monium
324 1520 414 1583 cedat
440 1520 596 1584 sententia
622 1519 764 1604 ipsorum
792 1519 961 1606 nobiscum,
988 1521 1105 1584 iaciens
1137 1522 1169 1584 et
1198 1518 1291 1585 nobis

156 1625 189 1687 in
223 1624 494 1708 exaggerationem
529 1625 710 1709 disciplinae
745 1625 847 1708 ,etiam
884 1626 1025 1710 humana
1061 1625 1290 1708 praerogatiua.

99 1761 102 1767 ·
155 1729 260 1810 itaque
283 1729 450 1812 Pompeius
477 1729 613 1814 Magnus
641 1730 706 1794 solo
727 1729 855 1813 ,theatro
883 1747 942 1814 sup
970 1729 1070 1793 minor
1100 1748 1171 1792 curn
1202 1729 1293 1792 illam

158 1853 261 1898 arcein
288 1834 430 1898 omnium
459 1835 685 1919 turpitudinum
715 1834 919 1925 ertruxisset,
958 1835 1076 1898 ueritus
1108 1833 1293 1915 quandoque

158 1940 324 2003 momoriae
362 1958 436 2004 suae
470 1939 644 2003 censoriam
679 1939 989 2024 animaduersionem
1016 1938 1146 2002 Veneris
1183 1939 1296 2002 aedem

107 2057 132 2098 1⁵
159 2045 355 2129 superposuit
385 2047 416 2108 et
446 2045 484 2108 ad
514 2044 740 2108 dedicationem
771 2044 880 2130 edicto,
905 2044 1055 2129 populum
1086 2061 1200 2108 uocans
1228 2060 1294 2106 non

158 2150 325 2229 theatrum,
357 2149 411 2212 sed
434 2148 564 2212 Veneris
592 2149 745 2231 templum
773 2149 983 2233 nuncupauit„
1013 2148 1062 2212 cui
1093 2148 1296 2227 subiecimus,

158 2253 270 2335 inquit,
293 2253 406 2336 gradm
430 2253 686 2336 spectaculorum.
724 2253 770 2317 ita
796 2253 989 2337 damnatum,
1019 2256 1050 2315 et
1080 2252 1297 2315 damnandum

159 2377 236 2443 opus
259 2357 367 2440 templi
390 2358 481 2421 titulo
500 2357 652 2440 praeterit
668 2361 698 2421 et
713 2357 916 2441 disciplinpm
932 2356 1150 2444 superstitione
1168 2355 1295 2419 delusit.

161 2463 216 2528 sed
231 2462 346 2526 Veneri
373 2465 404 2526 et
425 2460 537 2525 libero
560 2461 714 2525 conuenit.
754 2463 813 2526 duo
840 2462 901 2525 ista
928 2461 1091 2524 daemonia
1117 2460 1299 2543 conspirata

109 2582 134 2621 2⁰
161 2574 192 2635 et
207 2569 368 2633 coniurata
390 2567 472 2631 inter
495 2585 528 2630 se
551 2570 625 2630 sunt
644 2564 648 2651 1
670 2566 825 2630 ebrietatis
849 2569 880 2630 et
902 2564 1046 2630 hbidinis.
1085 2566 1189 2646 itaque
1204 2566 1297 2628 thea-
1316 2570 1334 2624 1.

160 2682 245 2743 trum
267 2672 397 2738 Veneris
424 2670 533 2757 hiberi
556 2689 681 2758 quoque
709 2671 818 2735 domus
843 2673 899 2736 est.
945 2689 1019 2734 narn
1043 2673 1073 2734 et
1100 2670 1176 2734 alios
1203 2669 1297 2733 ludos
1334 2711 1337 2717 -

115 2767 117 2771 ¹
162 2781 319 2845 scaenicos
342 2778 499 2843 Liberalia
523 2777 654 2863 proprie,
675 2774 840 2855 uocabant,
868 2778 1086 2858 praeterquam
1109 2773 1219 2837 Libero
1243 2774 1300 2836 de-

88 2967 90 2973 ,
162 2888 261 2966 uotos,
285 2903 364 2967 quae
388 2887 460 2948 sunt
480 2882 641 2966 ,Dionysia
662 2900 758 2965 penes
782 2879 926 2960 Graecos,
954 2879 1050 2943 etiam
1073 2897 1091 2942 a
1113 2877 1226 2941 Libero
1248 2878 1299 2941 in-

164 2992 300 3055 stitutos.
346 2991 377 3053 11
408 2991 456 3052 est
486 2988 578 3071 plane
608 2986 640 3050 in
669 2986 785 3050 artibus
813 3002 934 3066 quoque
964 2984 1111 3071 scaenicis
1138 2983 1243 3046 liberi
1266 2987 1301 3047 et

111 3104 137 3143 2⁵
164 3075 294 3159 Veneris
317 3092 539 3178 patrocinium.
585 3109 664 3173 quae
691 3090 814 3173 priuata
845 3092 876 3152 et
901 3089 1027 3171 propria
1054 3091 1127 3151 sunt
1150 3105 1299 3171 scaenae,

164 3201 202 3264 de
224 3202 320 3284 gestu
349 3200 380 3262 et
402 3197 536 3280 corporis
563 3196 644 3260 flexu
670 3194 819 3259 mollitiae
842 3193 972 3257 Veneris
1000 3196 1030 3256 et
1052 3191 1159 3276 Liberi
1180 3192 1316 3276 immos,

164 3306 240 3385 lant,
263 3305 309 3368 illi
331 3323 386 3388 per
402 3293 520 3382 sexum,
543 3301 588 3365 illi
609 3320 665 3384 per
686 3299 794 3362 luxum
817 3298 983 3363 dissolutis.
1023 3315 1102 3379 quae
1125 3315 1198 3361 uero
1221 3314 1301 3360 uoce

69 3412 71 3416 ’
139 3424 144 3434 ·
162 3413 197 3474 'et
211 3409 315 3493 modis
331 3412 363 3472 et
378 3406 505 3492 organis
529 3409 561 3469 et
579 3404 690 3469 litteris
706 3403 932 3487 transiguntur,
955 3401 1117 3485 Apollines
1138 3403 1169 3464 et
1184 3400 1301 3484 Musas

170 3583 171 3587 ’
210 3581 335 3638 lthuris
356 3582 383 3635 Β
444 3578 659 3646 3dissignatore
680 3563 769 3642 ABG,
791 3575 957 3642 designatore
978 3575 1034 3643 Rip
1095 3572 1127 3626 de
1151 3571 1301 3640 originibus

166 3669 289 3724 ludorum
313 3686 363 3723 cru.
382 3669 409 3723 A
478 3670 495 3722 4
518 3665 673 3720 transiimus
694 3665 763 3718 qu:
786 3661 931 3715 transimus
953 3663 1008 3724 AB
1070 3664 1085 3715 5
1107 3660 1247 3727 dirigimus
1272 3661 1301 3713 Β

167 3756 256 3810 11111
279 3755 356 3809 initio
376 3756 433 3810 Lot
501 3752 606 3822 proprie
633 3769 682 3808 cru.
701 3752 728 3805 A
798 3748 1000 3803 Irenaseentia
1021 3749 1049 3802 B
1119 3750 1249 3802 Scorum
1273 3749 1302 3801 A

167 3845 295 3912 {lingens
314 3861 364 3900 om.
377 3843 404 3897 A
473 3841 536 3894 hinc
554 3841 581 3894 Β
652 3841 684 3893 1o
706 3836 795 3891 nobiss
814 3838 841 3891 A
860 3855 926 3892 corr.
999 3838 1029 3890 11
1053 3834 1171 3887 humana
1188 3835 1303 3902 scripsi:

167 3932 297 3984 humanae
309 3930 364 3983 AB
410 3930 441 3984 13
455 3943 542 3981 arcem
553 3928 589 3994 Β,
602 3928 701 3979 sortem
712 3926 820 3992 ABruq,
833 3925 932 3978 cortem
945 3924 985 3976 M.
998 3923 1140 3990 Hauptius
1175 3922 1263 3972 exstru
1273 3922 1303 3975 A

117 4080 122 4090 ⁴
169 4022 200 4075 15
219 4017 354 4073 etecuA
408 4018 438 4071 17
457 4013 551 4083 inquid
568 4015 595 4068 A
642 4016 674 4069 18
691 4011 839 4081 praetexuit
855 4013 882 4066 Β
929 4013 963 4065 23
982 4025 1047 4077 quae
1067 4010 1144 4064 Seni:
1162 4007 1233 4075 quod
1245 4008 1304 4061 AB

82 4131 84 4138 ·
168 4106 248 4160 etiam
270 4107 306 4173 Β,
333 4104 379 4158 sed
400 4103 454 4156 iarn
472 4103 499 4156 A
569 4104 603 4163 24
625 4099 673 4153 DE
691 4097 844 4153 ARTIBVS
864 4096 1047 4153 schamem
1066 4097 1121 4150 AB
1191 4097 1224 4149 25
1246 4095 1304 4162 pri-

169 4194 305 4260 uataAB,
323 4191 455 4259 Isidorus,
474 4189 550 4258 priua
562 4190 619 4243 qu
670 4189 704 4242 26
722 4186 790 4239 flexu
808 4187 842 4253 Β,
861 4184 933 4237 fluxu
946 4182 1000 4238 AG
1050 4182 1193 4236 mollitiam
1205 4180 1304 4234 Veneri

169 4279 302 4335 etLibero
315 4281 350 4346 Β,
368 4279 493 4334 Isidorus
539 4278 572 4331 27
590 4274 630 4329 illi
647 4290 694 4342 per
711 4273 811 4326 fluxum
829 4290 879 4328 our.
893 4272 920 4325 A
971 4270 1061 4324 luxum
1080 4271 1144 4325 Urs:
1162 4268 1261 4321 fluxum
1275 4271 1305 4323 B

60 4350 61 4354 ¹
124 4398 127 4404 ·
170 4366 299 4420 dissoluti.
322 4381 385 4433 sque
403 4366 440 4434 A,
462 4363 591 4418 dissoluti.
614 4378 680 4431 quae
699 4362 823 4417 Isidorus
876 4361 909 4415 28
926 4357 991 4425 lyris
1010 4357 1142 4422 Isidorus,
1162 4357 1233 4410 Puru
