2820 4914
170 367 233 430 268
398 364 515 430 Quinti
534 363 672 431 Septimi
691 361 860 414 Florentis
879 360 1081 413 Tertulliani

171 544 306 607 minari
337 561 397 604 eos
429 534 590 623 lapides
622 540 657 602 in
689 537 823 620 quibus
857 540 980 600 tactus
1003 537 1137 618 leprae
1161 536 1305 629 fuisset,

168 653 204 710 et
228 647 324 710 abrici
349 649 458 708 extra
481 645 677 707 ciuitatem
702 643 737 705 in
758 640 1143 720 locumimmnndum,
1168 642 1301 704 etsumi

166 752 259 814 alios
290 750 433 832 lapides
464 749 603 831 politos
633 751 668 810 et
699 746 839 811 solidos
871 749 905 809 et
928 745 1057 826 reponi
1079 745 1162 808 loco
1184 745 1295 828 pristi-

166 875 295 919 norum
312 860 347 917 et
362 855 517 936 puluere
534 853 607 915 alio
623 852 769 915 inliniri
785 851 939 914 domum.
978 853 1101 932 oportet
1120 851 1212 930 enim,
1235 870 1288 913 cun

129 988 140 1022 ,ε
166 960 347 1042 peruenitur
370 960 408 1022 ad
433 977 593 1021 summurn
617 957 810 1020 sacerdotem
833 955 931 1037 patris
955 954 1133 1034 christum,
1157 954 1193 1017 de
1216 956 1284 1018 dono

166 1065 299 1127 hominis
332 1063 427 1126 nostri
458 1062 490 1124 in
522 1066 662 1142 temporo
685 1059 888 1124 hebdomadis
912 1058 1027 1122 auferri
1049 1059 1155 1122 omnia
1177 1059 1280 1141 impedi-

166 1173 272 1231 menta
306 1169 405 1249 prius,
441 1171 476 1230 ut
510 1166 627 1229 munda
661 1166 702 1228 sit
731 1184 809 1245 quae
838 1167 981 1227 remanet
1011 1163 1138 1243 domm,
1172 1181 1235 1227 caro
1259 1166 1278 1226 et

163 1273 282 1351 anima,
314 1276 345 1334 et
376 1271 427 1334 ubi
459 1271 612 1334 introierit
643 1288 711 1332 eam
737 1287 839 1332 sermo
863 1269 912 1331 dei
936 1272 968 1331 et
990 1268 1145 1331 inuenerit
1166 1268 1275 1331 maculas

165 1377 286 1440 ruboris
319 1380 350 1439 et
373 1376 499 1455 uiroris,
531 1375 647 1438 extrahi
671 1375 778 1437 statim
802 1379 832 1436 et
855 1373 934 1436 abici
957 1373 1040 1436 foras
1064 1392 1174 1436 sensus
1196 1371 1278 1436 morti-

113 1509 138 1545 ιο
165 1482 246 1545 feros
279 1484 310 1543 et
340 1484 484 1543 cruentos
517 1481 602 1562 (uam
634 1483 665 1542 et
694 1478 898 1560 Apocalypsis
930 1477 1020 1539 uiridi
1052 1496 1132 1558 equo
1162 1480 1280 1552 morton,

164 1605 271 1649 russeo
295 1588 400 1647 autem
424 1585 642 1667 proeliatorem
668 1582 838 1665 imposuit),
866 1601 982 1663 proque
1005 1581 1066 1644 illis
1090 1582 1201 1662 politos
1219 1579 1282 1644 etin

164 1690 379 1772 compaginem
405 1693 492 1770 aptos
510 1693 541 1751 et
557 1689 662 1751 firauos
680 1686 817 1750 substrui
832 1686 961 1767 lapideS,
985 1686 1094 1766 quales
1111 1687 1142 1750 in
1157 1685 1286 1749 Abrabae

164 1795 244 1857 tilios
275 1794 369 1873 fiunt,
401 1797 434 1856 ut
464 1794 509 1856 ita
535 1793 629 1855 horno
652 1791 767 1855 habilis
791 1792 847 1855 deo
872 1793 921 1853 sit.
967 1791 1049 1871 quod
1073 1790 1100 1854 si
1122 1794 1192 1872 post
1212 1807 1289 1854 recu-

166 1900 358 1980 perationem
390 1902 421 1962 ct
449 1898 705 1961 reformationem
736 1916 843 1960 rursus
874 1896 1017 1960 sacerdos
1048 1892 1303 1960 animaduerterit·

112 2030 136 2066 15
165 2004 196 2066 in
214 2003 321 2066 eadem
338 2004 429 2066 domo
446 2003 482 2065 de
497 2003 638 2085 pristinis
658 2003 742 2065 cacus
763 2002 879 2082 aliquid
896 2006 927 2063 et
946 2000 1089 2081 maculiS,
1109 2000 1312 2064 immundam}

162 2126 230 2169 earu
253 2108 476 2194 pronuntiauit,
501 2111 532 2169 et
549 2107 639 2170 iussit
654 2107 765 2189 deponi
783 2106 929 2168 materias
946 2108 978 2169 et
993 2105 1114 2186 lapides
1131 2109 1162 2170 et
1177 2113 1317 2170 omnem}

164 2216 352 2274 structuram
378 2213 442 2274 eius
467 2215 497 2274 et
521 2210 600 2274 abici
623 2211 656 2273 in
679 2211 781 2274 locum
805 2210 1012 2273 immundum.
1055 2210 1106 2273 hic
1130 2211 1187 2273 erit
1208 2211 1317 2272 honr:

162 2334 232 2378 caro
257 2319 348 2396 atque
372 2317 490 2394 anima,
514 2316 567 2396 qui
589 2320 659 2398 post
682 2315 840 2396 baptisma
864 2317 896 2377 et
917 2314 1081 2377 introitum
1105 2314 1317 2378 sacerdotum:

162 2420 349 2482 reformatus
373 2421 474 2483 denuo
498 2421 628 2483 resumit
651 2419 761 2482 scabra
784 2424 816 2481 et
831 2419 969 2481 maculas
986 2419 1100 2497 carnis,
1124 2422 1155 2482 et
1170 2417 1317 2482 abicitu‘a

108 2550 133 2587 20
161 2527 246 2586 extra
276 2525 435 2587 ciuitatem
459 2524 490 2587 in
514 2525 617 2588 locum
642 2523 854 2602 immundum,
886 2523 1007 2586 deditus
1031 2523 1151 2587 scilicet
1174 2526 1275 2586 satana·
1295 2554 1317 2569 -

160 2628 191 2690 in
215 2629 317 2690 carnis
341 2628 516 2707 interitum,
548 2647 603 2691 nec
628 2629 762 2710 amplius
785 2627 999 2690 reaedificatur
1021 2628 1052 2690 in
1078 2627 1207 2691 ecclesia
1224 2632 1317 2708 posi

159 2730 291 2795 ruinam.
339 2734 381 2795 sic
413 2737 444 2796 et
470 2733 507 2795 de
533 2733 669 2796 famulae
693 2731 871 2812 concubitu,
903 2739 981 2813 quae
1004 2732 1125 2796 homini
1149 2735 1225 2796 esset
1243 2737 1317 2792 ree

159 2841 298 2915 seruata,
331 2838 463 2899 necdum
487 2837 662 2918 redempta,
691 2837 822 2900 necdum
847 2836 988 2901 libera-ta.
1034 2838 1317 2919 prospicietur!

159 2940 260 3019 inquit
275 2941 329 3019 illi,
347 2945 382 3004 et
399 2961 468 3004 non
486 2942 679 3020 morietur,
703 2942 788 3022 quia
804 2942 964 3005 nondum
981 2944 1037 3005 est
1052 2942 1317 3005 manumissafi

105 3069 131 3106 25
159 3044 216 3105 cui
248 3045 476 3108 seruabatur.
524 3046 662 3108 nondum
695 3047 777 3108 enim
808 3064 878 3109 caro
902 3063 920 3108 a
944 3045 1067 3109 Christo
1094 3047 1308 3110 manumiss&

158 3148 208 3209 cui
238 3149 436 3228 seruabatur,
466 3151 594 3232 impune
626 3150 911 3229 contaminabatur,
941 3150 984 3212 ita
1013 3151 1077 3212 iam
1104 3150 1317 3214 mammis?

158 3269 220 3313 non
244 3253 339 3316 habet
362 3255 496 3316 ueniam.

202 3354 251 3417 21.
276 3357 363 3419 Haec
387 3357 413 3419 si
437 3359 570 3439 apostoli
594 3358 694 3440 magis
719 3362 839 3437 norant,
870 3358 970 3441 magis
998 3359 1107 3440 utique
1135 3358 1317 3423 curabant

158 3459 213 3522 sed
236 3447 267 3522 et
290 3461 321 3522 in
345 3461 427 3524 hunc
451 3461 513 3524 iam
536 3463 668 3544 gradum
692 3462 864 3540 decurram,
889 3481 1057 3526 excernens
1080 3463 1161 3527 inter
1182 3454 1311 3527 doen-12

104 3589 131 3628 eo
158 3580 231 3626 nam
255 3565 466 3645 apostolorum
490 3571 521 3628 et
535 3570 733 3648 potestatem.
773 3567 936 3649 disciplina
950 3566 1110 3631 hominem
1131 3565 1286 3652 gubernat,

156 3672 294 3749 potestas
319 3670 473 3753 adsignat.
512 3670 567 3733 sed
589 3689 715 3733 rursum
731 3672 804 3751 quid
819 3674 979 3754 potestas?
1004 3673 1144 3754 spiritus,
1167 3673 1278 3755 spiritus

262 3825 305 3892 10]
326 3824 358 3877 cf.
371 3825 453 3894 Apoc.
467 3829 491 3889 6,
503 3829 528 3879 4.
541 3829 565 3881 8.
619 3827 665 3894 23]
684 3825 747 3878 Len.
762 3829 803 3891 19,
816 3830 857 3881 20.

200 3966 321 4018 ltactus
340 3964 390 4017 del.
405 3965 455 4017 Gal
507 3964 595 4033 leprae
616 3967 686 4019 Iun:
703 3965 777 4034 lepra
793 3966 820 4019 B
873 3965 1063 4022 3solitosGel
1116 3968 1219 4023 4illini
1238 3970 1274 4029 Uro

156 4048 472 4104 8ctubiGel:utubiB
521 4053 850 4107 llrusseoGel:roseoB
898 4055 930 4108 12
941 4052 1073 4106 substruit
1085 4056 1137 4111 Urs
1183 4056 1275 4113 lafita
1315 4058 1317 4068 '

155 4138 254 4190 reddidi
308 4139 340 4191 15
359 4137 430 4189 cauis
449 4138 518 4190 Lat:
536 4139 621 4190 causis
634 4139 661 4192 B
716 4142 748 4194 19
766 4139 877 4192 resumit
891 4140 954 4194 Gal:
971 4141 1074 4209 respuit
1091 4143 1119 4195 B
1174 4142 1279 4202 scabram

119 4278 120 4281 ,
157 4225 221 4278 Scai
279 4226 310 4276 31
331 4223 377 4276 sed
395 4239 501 4275 rursum
520 4225 590 4278 Lot:
608 4241 725 4278 seorsum
743 4226 770 4279 B
833 4225 897 4294 qnid
914 4228 1051 4294 potestas?
1069 4230 1141 4283 Lat:
1159 4231 1229 4298 quod
1245 4249 1282 4302 po

155 4315 236 4361 testas
246 4311 282 4377 B,
294 4309 364 4376 quod
376 4313 464 4378 potest
479 4311 542 4365 Scal
577 4312 697 4381 spiritus]
708 4313 809 4381 aspirat
819 4314 883 4368 Scal
917 4314 1026 4382 spiritus
1036 4317 1151 4370 alteram
1161 4319 1226 4374 add.
1238 4321 1285 4380 Lat
