2820 4914
434 407 495 462 VH.
515 408 559 460 De
577 407 740 476 baptismo
759 411 835 465 5-8.
1140 408 1201 472 207

53 584 285 664 commodauit,
309 584 392 647 facta
408 584 567 666 spiritalis,
592 583 665 664 quia
680 584 792 665 spiritu
806 586 919 647 unctus
937 587 984 647 est
1000 602 1018 647 a
1033 583 1089 647 deo
1105 587 1202 665 patre,

56 687 147 751 sicut
168 687 201 751 in
223 687 327 753 Actis:
359 688 511 752 collecti
539 692 625 752 sunt
652 689 748 752 enim
775 707 861 752 uere
887 690 925 752 in
947 688 1021 752 ista
1047 688 1202 752 ciuitate

59 792 246 857 aduersus
277 797 448 857 sanctum
478 793 603 857 filium
630 796 747 874 tuum,
776 812 884 875 quem
910 793 1062 856 unxisti,
1101 793 1145 856 sic
1172 795 1203 856 et

59 895 94 959 in
119 897 210 962 nobis
234 898 398 962 carnaliter
420 898 516 961 currit
539 899 654 978 unctio,
683 899 738 961 sed
761 898 941 979 spiritaliter
964 896 1098 980 proficit3
1127 915 1203 978 quo-

61 1001 156 1066 modo
180 1005 212 1067 et
233 1003 330 1085 ipsius
353 1002 503 1085 baptismi
525 1004 657 1067 carnalis
681 1006 779 1083 actus,
810 1002 892 1083 quod
918 1003 950 1066 in
980 1020 1061 1083 aqua
1087 1002 1203 1084 mergi·
1229 1027 1242 1066 s

63 1123 145 1186 mur,
169 1107 320 1190 spiritalis
344 1107 482 1187 effectus,
507 1108 589 1188 quod
612 1106 732 1170 delictis
756 1106 935 1170 liberamur.

107 1208 137 1274 8.
170 1211 291 1275 Dehinc
314 1230 425 1275 manus
449 1212 618 1293 imponitur
640 1231 695 1293 per
718 1210 968 1275 benedictionem
991 1213 1144 1277 advocans
1173 1214 1204 1274 et

62 1315 202 1379 inuitans
226 1315 370 1398 spiritum
395 1319 549 1379 sanctum.
589 1334 664 1379 sane
688 1316 824 1379 humano
848 1316 972 1399 ingenio
992 1315 1097 1379 licebit
1113 1316 1203 1396 spiri-

62 1423 132 1483 tum
161 1420 195 1483 in
226 1438 339 1501 aquam
368 1438 525 1483 arcessere
553 1423 584 1483 et
611 1421 916 1502 concorporationem
945 1438 1052 1484 eorum
1083 1438 1203 1485 aecom-

62 1524 198 1588 medatis
222 1524 354 1608 desuper
376 1524 522 1588 manibus
547 1525 606 1588 alio
630 1524 740 1606 spiritu
763 1528 869 1588 tantae
886 1525 1035 1588 claritatis
1052 1525 1201 1604 animare,
1212 1540 1254 1588 ‘'10

62 1628 119 1692 deo
143 1632 249 1692 autem
271 1629 304 1692 in
327 1647 382 1694 suo
406 1647 521 1712 organo
545 1647 607 1692 non
630 1628 737 1692 licebit
759 1648 814 1711 per
837 1648 949 1693 manus
966 1632 1090 1692 sanctas
1107 1627 1203 1692 subli-

62 1732 208 1797 mitatem
238 1733 392 1796 modulari
422 1733 615 1814 spiritalem?
654 1733 708 1796 sed
722 1770 725 1775 -
740 1736 786 1796 est
814 1733 872 1796 hoc
899 1750 1021 1815 quoque
1045 1733 1082 1796 de
1105 1732 1204 1796 ueteri

60 1841 271 1915 sacramento,
295 1856 355 1920 quo
376 1841 505 1919 nepotes
522 1856 594 1901 suos
612 1856 648 1901 er
663 1837 787 1919 loseph,
811 1838 949 1920 Ephrem
965 1841 996 1901 et
1011 1839 1202 1918 Manassem,

59 1941 158 2005 Iacob
182 1942 335 2023 capitibus
358 1942 513 2025 impositis
538 1945 569 2005 et
591 1942 802 2005 intermutatis
825 1942 971 2006 manibus
1003 1941 1202 2020 benedixerit,

60 2048 93 2109 et
115 2045 242 2126 quidem
264 2047 309 2110 ita
331 2047 536 2110 transuersim
559 2046 727 2128 obliquatis
750 2047 782 2109 in
806 2066 849 2127 se,
872 2050 908 2110 ut
923 2046 1082 2111 Christum
1102 2047 1203 2110 detor·
1231 2073 1255 2111 15

57 2153 189 2214 mantes
212 2151 276 2214 iam
299 2154 374 2214 tunc
396 2152 618 2232 portenderent
640 2150 888 2215 benedictionem
918 2152 949 2214 in
973 2151 1133 2216 Christum
1155 2152 1203 2214 fu-

57 2258 178 2319 turam.
216 2258 289 2318 tunc
312 2255 364 2319 ille
387 2256 604 2319 sanctissimus
625 2255 751 2337 spiritus
768 2275 861 2338 super
878 2257 1046 2319 emundata
1062 2254 1203 2319 2212222-

56 2360 147 2424 dicta
169 2378 296 2441 corpora
318 2360 419 2424 libens
448 2379 466 2424 a
493 2363 580 2442 patre
608 2360 776 2440 descendit,
808 2379 901 2441 super
927 2359 1077 2442 baptismi
1106 2377 1202 2441 aquas

56 2468 213 2544 tanquam
239 2464 403 2546 pristinam
431 2464 536 2528 sedem
563 2482 787 2547 recognoscens
811 2464 1010 2545 conquiescit,
1039 2463 1201 2527 columbae

55 2568 164 2652 figura
186 2568 330 2650 delapsus
353 2568 387 2632 in
410 2568 581 2649 dominum,
605 2572 641 2632 ut
663 2572 775 2632 natura
795 2568 922 2651 spiritus
944 2568 1044 2631 sancti
1064 2567 1201 2631 declara·
1227 2593 1254 2633 20

54 2675 148 2737 retur
177 2692 233 2755 per
255 2674 372 2737 animal
395 2674 601 2754 simplicitatis
626 2676 657 2737 et
680 2673 884 2753 innocentiae,
912 2672 993 2754 quod
1017 2671 1112 2735 etiarn
1135 2689 1201 2736 cor-

55 2776 211 2861 poraliter
236 2777 304 2860 ipso
331 2760 403 2841 felle
431 2781 536 2841 careat
559 2777 713 2841 columba.
752 2778 893 2858 ideoque,
926 2779 1060 2856 estote,
1090 2775 1200 2857 inquit,

58 2881 257 2963 simplices
280 2882 379 2945 sicut
401 2882 608 2956 columbam
633 2902 672 2946 ne
695 2882 753 2945 hoc
776 2882 902 2963 quidem
926 2881 992 2944 sine
1016 2883 1201 2962 argumento

56 2985 278 3067 praecedentis
300 2986 427 3069 figurae.
468 2986 729 3068 quemadmodum
759 2986 842 3049 enim
868 2988 939 3066 post
962 3002 1057 3066 aquas
1081 2984 1200 3065 diluuii,

59 3088 176 3172 quibus
198 3090 346 3172 iniquitas
370 3092 500 3172 antiqua
521 3094 656 3174 purgata
679 3094 736 3170 est,
752 3093 835 3179 ¹:post
861 3088 1065 3171 baptismum,
1095 3092 1131 3152 ut
1157 3089 1202 3153 ita
1227 3115 1254 3155 2⁵

60 3194 204 3275 dixerim,
227 3171 348 3274 mundi}
359 3213 468 3278 pacem
492 3196 635 3259 caelestis
659 3196 722 3259 irae
742 3213 853 3276 praeco
873 3193 1018 3258 columba
1037 3194 1127 3257 terris
1148 3194 1201 3257 ad-

61 3299 230 3373 nuntiauit
248 3299 377 3363 dimissa
400 3319 437 3363 er
459 3318 531 3363 arca
555 3303 586 3363 et
608 3318 681 3362 cum
703 3299 771 3362 olea
797 3316 933 3379 reuersa,
964 3299 1045 3379 quod
1075 3298 1201 3380 signum

60 3402 161 3467 etiam
183 3404 265 3486 apud
288 3404 429 3471 nationes
452 3405 521 3487 paci
543 3403 764 3485 praetenditur,
789 3404 898 3467 eadem
921 3402 1123 3484 dispositione
1139 3402 1202 3483 spi-

59 3507 163 3571 ritalis
186 3507 315 3599 effectus
338 3511 439 3572 terrae
463 3508 494 3571 id
518 3511 566 3572 est
589 3508 675 3571 carni
695 3506 1008 3590 nostraeemergenti
1023 3506 1061 3569 de
1076 3507 1201 3570 lauacro

60 3614 136 3695 post
164 3613 272 3676 uetera
294 3610 408 3677 delicta
431 3611 576 3676 columba
599 3613 700 3676 sancti
723 3613 849 3695 spiritus
873 3611 999 3675 aduolat
1019 3629 1129 3693 pacem
1152 3610 1201 3673 dei
1228 3637 1254 3676 22

166 3818 194 3888 2]
212 3818 273 3874 Aee.
291 3822 316 3885 4,
329 3823 370 3875 22.
424 3820 469 3889 22]
488 3819 584 3874 nstin.
605 3822 646 3885 ro,
660 3822 701 3876 rc.

108 4010 241 4081 rspiritu
260 4012 326 4067 uer.-
348 4012 456 4081 spiritus
475 4014 502 4068 B
580 4013 691 4066 2enim
713 4028 776 4066 uere
797 4013 860 4067 ceo.-
880 4012 1015 4065 enimuero
1034 4013 1061 4066 B
1141 4012 1201 4065 522

59 4098 173 4168 spiritus
199 4098 283 4169 ipsius
306 4101 348 4168 B,·
374 4100 484 4169 spiritus
508 4100 558 4155 del.
579 4100 630 4154 cer
708 4102 838 4154 92222222
858 4101 924 4155 Soet
1003 4102 1035 4153 13
1056 4098 1147 4151 Ehem
1166 4100 1201 4166 B,

58 4185 190 4255 Ephraim
213 4187 264 4242 Urs
336 4189 368 4242 15
396 4187 527 4242 chreston
550 4188 615 4242 Soet
686 4185 860 4239 deformantis
878 4188 905 4240 B
977 4189 1009 4241 18
1027 4185 1118 4239 labens
1137 4186 1203 4240 Scal

58 4276 89 4325 et
106 4287 185 4340 super
202 4274 259 4327 12222
311 4276 345 4330 28
364 4275 444 4326 etiarn
464 4273 535 4342 apud
555 4275 619 4328 (rer.-
641 4272 710 4341 apud
735 4273 816 4326 etiam
839 4274 866 4326 B
918 4276 952 4328 29
971 4272 1116 4339 emergenti
1139 4273 1202 4326 Get:

57 4358 216 4427 emergendi
234 4362 262 4415 B
