2820 4914
773 1033 831 1116 IV.

501 1244 564 1307 00
591 1241 873 1309 0000100100
901 1241 1089 1308 Arruns.

275 1454 303 1518 1.
326 1423 449 1537 Magna
476 1454 654 1518 curiositate
678 1457 709 1517 et
730 1455 846 1518 maiore
868 1455 961 1537 longe
985 1454 1136 1518 memoria
1158 1472 1239 1536 opus
1265 1458 1314 1518 ost
1335 1454 1370 1518 ad

231 1559 434 1638 studendum,
469 1559 495 1621 si
529 1560 581 1640 qui
616 1559 693 1622 uelit
727 1578 762 1622 ex
796 1559 907 1622 litteris
938 1558 1161 1641 receptissimis
1194 1558 1370 1641 quibusque

191 1691 203 1730 ⁵
230 1664 483 1748 philosophorum
502 1664 553 1727 uel
573 1667 736 1746 poetarum
758 1664 810 1727 uel
831 1662 1040 1744 quorumhbet
1062 1663 1241 1748 doqtrinjae
1265 1683 1303 1728 ac
1325 1681 1371 1728 sa·

230 1768 362 1850 pientiae
375 1768 543 1831 saecularis
557 1768 780 1850 magistrorum
792 1768 972 1831 testimonia
984 1786 1165 1853 erceqperej
1174 1767 1372 1832 Christianae

229 1872 386 1952 ueritatis,
416 1875 452 1934 ut
475 1872 591 1935 aemuli
613 1874 889 1953 persecutoresque
913 1872 977 1936 eius
1005 1872 1042 1934 de
1068 1890 1134 1957 tsuo
1162 1873 1299 1956 proprio
1327 1873 1372 1936 in·

231 1979 406 2041 strumento
426 1979 457 2039 et
478 1976 589 2040 erroris
609 1977 641 2039 in
662 1994 695 2039 se
716 1980 748 2039 et
766 1976 939 2057 iniquitatis
959 1977 992 2039 in
1007 1994 1064 2039 nos
1079 1976 1124 2040 101
1138 1976 1369 2062 ι1001000010.

230 2081 372 2145 nonnulli
395 2080 530 2163 quidem,
559 2079 670 2162 quibus
694 2080 731 2144 de
754 2080 887 2162 pristina
909 2080 1096 2165 litteratura
1118 2083 1150 2143 01
1173 2081 1371 2164 quriositatis

180 2214 203 2252 10
230 2186 317 2249 labor
341 2189 372 2248 et
395 2186 562 2249 memoriae
588 2188 677 2248 tenor
700 2185 923 2267 perseuerauit,
952 2185 990 2248 ad
1012 2203 1094 2270 ι0010
1117 2185 1260 2270 modumJ
1283 2203 1370 2268 opus·

231 2290 301 2353 cula
320 2308 416 2372 penes
437 2307 493 2352 nos
514 2283 732 2353 condiderunt:
757 2293 1037 2353 commemorantes
1058 2292 1089 2352 et
1104 2289 1368 2354 contestificantes

230 2395 263 2458 in
291 2394 414 2477 singula
440 2394 593 2457 rationem
622 2396 653 2456 et
680 2393 831 2476 originem
855 2396 886 2456 et
908 2393 1107 2457 traditionem
1131 2396 1163 2458 01
1186 2397 1369 2478 argumenta

231 2498 467 2577 sententiarum,
491 2517 545 2579 per
566 2516 644 2580 quae
664 2498 845 2580 recognosci
864 2498 962 2580 possit
981 2497 1059 2561 nihil
1078 2515 1134 2562 nos
1156 2502 1212 2562 aut
1231 2517 1347 2563 nouum
1361 2496 1393 2581 lt

231 2607 286 2666 aut
311 2606 528 2684 portentosum
556 2602 740 2683 suscepisse,
768 2601 805 2664 de
833 2619 893 2684 quo
921 2620 982 2665 non
1011 2602 1105 2666 etiam
1131 2619 1317 2668 communes
1341 2606 1369 2666 et

179 2734 204 2774 a
230 2708 372 2790 pubhcae
398 2707 522 2771 litterae
553 2707 591 2769 ad
623 2706 806 2789 suffragium
837 2705 926 2770 nobis
956 2705 1206 2789 patrocinentur,
1243 2708 1270 2771 si
1300 2707 1369 2789 quid

232 2815 286 2875 aut
313 2811 422 2875 erroris
451 2810 598 2874 eiecimus
630 2814 683 2874 aut
714 2810 879 2893 aequitatis
911 2810 1105 2874 admisimus.
1157 2811 1213 2874 sod
1241 2830 1281 2875 00
1308 2811 1367 2876 suis

232 2916 357 2998 quidem
387 2915 547 2998 magistris
580 2915 656 2979 alias
687 2914 917 2998 probatissimis
949 2919 1041 2997 atque
1070 2914 1251 2980 lectissimis
1278 2915 1368 2980 fidem

231 3020 393 3083 inclinauit
410 3020 550 3083 humana
569 3020 606 3083 de
625 3019 843 3083 incredulitate
864 3018 987 3100 duritia,
1011 3019 1110 3083 sicubi
1127 3019 1162 3084 in
1184 3023 1370 3104 argumenta

232 3123 426 3188 Christianae
457 3124 643 3187 defensionis
675 3124 880 3208 impingunt.
931 3126 1006 3187 tunc
1036 3123 1111 3189 uani
1139 3126 1266 3206 poetae,
1302 3143 1369 3188 cum

180 3254 205 3293 20
232 3228 305 3292 deos
321 3228 466 3291 humanis
482 3227 678 3308 passionibus
700 3230 731 3290 et
750 3227 881 3312 fabulis
902 3227 1078 3311 designant,
1100 3230 1175 3292 tunc
1193 3228 1370 3312 philosophi

232 3333 309 3412 duri,
334 3351 405 3396 oum
421 3333 563 3396 ueritatis
579 3333 661 3396 fores
675 3333 830 3417 Lpulsant.
870 3333 1022 3396 hactenus
1043 3332 1166 3416 sapiens
1187 3336 1221 3397 et
1234 3333 1368 3415 prudens

273 3502 699 3559 INCIPITzDETESTIMONIO
727 3503 868 3558 ΑΝΙΜΑΕ
896 3503 1086 3560 FELICITER
1112 3506 1139 3559 A
1214 3509 1233 3561 4
1259 3508 1320 3575 quis
1344 3508 1368 3562 B

232 3592 357 3660 cuiusque
384 3590 544 3647 0100000100
597 3595 612 3647 5
637 3591 757 3646 doctrina
775 3593 803 3646 B
859 3607 957 3648 00010.
976 3593 1004 3646 B
1060 3591 1319 3649 81010010000101.
1342 3611 1368 3648 ac

120 3707 122 3711 ·
232 3678 354 3732 nonnulli
371 3679 427 3732 Ioc
481 3682 512 3734 10
531 3694 591 3730 0010
609 3678 730 3747 modum]
750 3680 819 3734 douc
831 3686 913 3734 tresue
926 3681 1029 3734 11110000
1041 3680 1124 3746 (oum)
1136 3680 1207 3734 ioA
1221 3679 1368 3750 perierint,

232 3767 325 3833 gentes
342 3765 398 3833 Rip
452 3767 482 3819 11
502 3764 675 3819 testificantes
694 3766 720 3819 A
775 3768 807 3820 12
825 3765 853 3818 in
872 3764 977 3834 singula
995 3765 1125 3819 rationem
1147 3768 1174 3819 01
1192 3767 1325 3836 originem
1345 3772 1369 3823 01

233 3850 404 3905 traditionem
423 3853 564 3906 Priora’os:
585 3852 612 3903 in
632 3851 808 3920 singulatione
831 3852 853 3905 10
871 3852 979 3921 origine.
1003 3851 1186 3906 1011011110ηό
1204 3856 1241 3924 A,
1263 3855 1294 3909 in
1311 3873 1369 3926 sug-

232 3937 397 4006 gillationem
416 3940 442 3990 et
460 3937 589 4005 originem
608 3940 635 3990 et
653 3938 824 3992 traditionem
836 3941 870 4003 B,
889 3939 917 3992 iu
930 3938 1145 4008 suggillationem
1158 3942 1185 3993 et
1197 3941 1334 4010 originum
1345 3946 1370 3996 01

232 4023 407 4078 traditionum
419 4025 558 4092 Latinius,
571 4025 600 4077 in
613 4025 717 4093 singula
730 4026 860 4079 rationem
873 4029 899 4080 et
911 4027 1041 4095 originem
1053 4028 1230 4082 traditionum
1246 4031 1371 4087 Oeblcms

233 4113 390 4179 argumenta
409 4112 601 4164 sententiarum
620 4114 760 4168 11101103.-
779 4114 975 4170 sententiarum
993 4117 1155 4183 augumento
1172 4117 1230 4172 AB
1290 4121 1323 4173 16
1340 4135 1371 4171 00

233 4217 282 4254 coa.
302 4200 402 4268 ABmp
457 4201 488 4254 17
509 4201 587 4266 atque
604 4199 755 4252 lectissimis
774 4215 824 4256 coc.
843 4203 870 4255 A
930 4204 962 4257 18
980 4202 1167 4257 incrudelitate
1185 4205 1214 4258 A
1275 4208 1311 4261 20
1329 4205 1371 4259 ab·

234 4286 341 4354 signant
358 4287 414 4340 Ion
466 4288 498 4340 21
518 4285 655 4339 uarietatis
673 4288 700 4340 A
