2828 4936
212 371 277 434 222
442 370 555 435 Quinti
576 370 716 438 Septimi
736 369 903 422 Plorantis
922 368 1124 422 Tertulliani

212 546 301 628 quasi
322 547 443 610 modica
464 549 504 609 11·
514 545 693 629 praecaueri
708 544 797 626 quasi
813 544 958 609 maxima.
987 544 1077 609 nobis
1093 549 1203 610 autem
1218 547 1357 610 maxima

211 654 265 713 aut
289 669 413 713 summa
436 651 479 713 sic
500 668 620 732 quoque
636 654 871 732 praecauentur,
895 650 969 712 dum
985 668 1043 714 nec
1058 651 1213 715 secundas
1229 651 1355 732 quidem

210 757 281 838 post
304 754 397 818 fidem
420 755 545 837 nuptias
568 755 758 836 permittitur
781 772 884 834 nosse,
912 753 1104 837 nuptialibus
1129 757 1161 818 11
1188 755 1354 836 dotalibus,

211 859 238 923 si
260 860 350 939 forte,
374 859 490 924 tabulis
514 877 532 923 a
555 858 715 923 moechiae
738 862 769 922 et
791 859 1001 922 fornicationis
1025 877 1116 940 apere
1141 859 1295 940 diuersas,
1326 863 1355 923 11

171 991 184 1030 a
210 964 279 1027 ideo
303 964 468 1027 durissime
485 983 541 1028 nos
557 963 747 1027 infamantes
762 964 954 1046 paracletum
971 963 1151 1046 disciplinae
1167 965 1354 1029 enormitate

210 1068 352 1151 digamos
376 1068 450 1132 foris
474 1068 623 1132 sistimus.
663 1068 794 1130 eundern
818 1068 951 1130 limitem
974 1068 1090 1131 liminis
1115 1068 1255 1132 moechis
1280 1087 1354 1151 quo-

210 1191 269 1253 que
293 1175 325 1236 et
348 1172 587 1236 fornicatoribus
610 1172 737 1254 figimus
761 1172 879 1235 ieiunas
900 1172 986 1253 pacis
1009 1172 1155 1236 lacrimas
1178 1173 1354 1256 profusuris

211 1295 267 1340 nec
282 1278 416 1360 amplius
437 1275 476 1340 ab
498 1276 628 1339 ecclesia
648 1295 741 1356 quam
758 1275 1002 1359 publicationem
1019 1276 1176 1340 dedecoris
1197 1278 1353 1342 relaturis.

253 1379 282 1444 2.
308 1381 566 1461 0111111111111,
598 1381 751 1462 inquiunt,
778 1380 880 1444 bonus
904 1384 935 1444 et
958 1381 1095 1464 optimus
1120 1385 1152 1446 et
1174 1383 1354 1447 misericors

160 1514 183 1552 10
211 1489 241 1549 et
264 1485 429 1550 miserator
452 1489 484 1550 et
507 1485 738 1549 misericordiae
768 1486 932 1569 plurimus,
963 1504 1056 1567 quam
1088 1487 1174 1549 omni
1203 1487 1354 1552 sacrificio

209 1592 380 1672 anteponit,
404 1609 466 1655 non
490 1591 570 1654 tanti
590 1590 706 1653 ducens
726 1592 897 1672 peccatoris
919 1594 1053 1654 mortem
1074 1608 1167 1672 quam
1190 1593 1355 1673 paeniten-

209 1696 297 1775 tiam,
315 1694 517 1759 salutificator
533 1695 673 1758 omnium
690 1695 851 1758 hominum
869 1697 900 1758 et
917 1695 1050 1757 maxime
1066 1694 1217 1759 fidelium.
1246 1696 1354 1778 itaque

210 1802 241 1862 11
263 1799 342 1862 filios
367 1799 415 1862 dei
438 1798 653 1861 misericordes
685 1801 715 1861 et
737 1798 881 1880 pacificos
905 1817 973 1861 esse
1001 1797 1166 1880 oportebit,
1198 1800 1353 1864 donantes

209 1903 345 1967 inuicem
375 1903 456 1966 sicut
486 1906 517 1966 et
541 1902 682 1966 Christus
714 1903 842 1965 donauit
869 1901 968 1982 nebia,
1000 1922 1062 1966 non
1092 1903 1281 1983 iudicantes
1315 1924 1354 1967 ne

158 2035 182 2074 11
209 2008 391 2071 iudicemur.
436 2007 582 2071 domino
615 2007 712 2070 enirn
748 2024 812 2069 suo
847 2010 922 2070 stat
953 2007 1034 2088 quis
1069 2009 1130 2071 uel
1164 2008 1283 2072 cadit:
1318 2014 1352 2073 tu

209 2112 278 2193 quis
310 2131 353 2192 es,
384 2115 419 2175 111
450 2130 577 2175 seruum
605 2111 721 2174 iudices
750 2111 907 2174 alienum?
953 2112 1084 2192 dimitte,
1116 2115 1148 2175 et
1176 2112 1353 2177 dimittetur

209 2216 275 2280 tibi.
314 2216 388 2280 talia
412 2220 443 2280 11
465 2220 554 2279 tanta
576 2216 679 2280 futilia
702 2234 819 2295 eorum,
851 2216 964 2297 quibus
988 2219 1020 2279 11
1042 2215 1099 2300 deo
1122 2217 1292 2282 adulantur
1323 2221 1354 2282 11

209 2319 269 2384 sibi
295 2321 522 2400 lenocinantur,
553 2320 765 2384 effeminantia
796 2321 896 2403 magis
927 2338 1021 2401 quam
1051 2321 1227 2404 uigerentia
1259 2322 1353 2387 disci·

209 2425 338 2507 plinam,
363 2425 485 2506 quantis
510 2428 613 2488 etuas
630 2428 661 2488 et
677 2424 840 2488 contrariis
855 2442 1023 2506 passumus
1038 2429 1246 2509 repercutere,
1272 2445 1352 2508 quae

156 2556 182 2595 sc
210 2532 240 2592 et
271 2529 320 2592 dei
344 2529 546 2592 seueritatem
568 2529 757 2611 intemptent
780 2531 811 2591 et
834 2532 974 2592 nostram
997 2530 1207 2593 constantiam
1236 2549 1353 2613 prouo-

208 2637 301 2697 cent?
340 2635 412 2716 qnia
435 2634 494 2698 etsi
516 2632 617 2697 bonus
641 2637 754 2697 natura
774 2633 859 2714 deus,
884 2637 991 2697 tamen
1007 2636 1038 2698 et
1052 2635 1163 2699 iustus.
1203 2653 1353 2700 excausa

209 2739 302 2818 enim,
325 2739 407 2802 sicut
423 2756 533 2802 sanare
550 2738 648 2818 nouit,
671 2738 717 2801 ita
739 2741 771 2801 11
794 2738 932 2818 caedere,
955 2737 1073 2802 faciens
1093 2757 1214 2822 pacem,
1239 2740 1298 2803 sed
1321 2743 1353 2804 11

208 2843 343 2907 candens
375 2843 469 2923 mala,
499 2843 725 2925 paenitentiam
748 2843 879 2922 malene,
911 2842 965 2905 sed
995 2846 1027 2906 et
1049 2842 1227 2907 Hieremiae
1260 2863 1352 2909 man-

208 2948 296 3028 dene,
320 2967 358 3011 ne
381 2966 436 3031 pro
459 2947 573 3030 popula
588 2950 749 3029 peccatore
771 2946 997 3030 deprecaretur.
1036 2948 1127 3028 qnod,
1152 2951 1183 3012 11
1205 2948 1236 3012 si
1260 2949 1351 3013 ieiu-

156 3079 181 3118 11
209 3052 399 3132 cauerint,
426 3051 539 3133 inquit,
570 3069 641 3115 nan
665 3038 858 3115 exaudiam
882 3049 1180 3115 obsecrationem
1212 3069 1349 3117 eorum.

208 3159 240 3220 et
261 3175 383 3220 rursus:
408 3159 444 3220 et
466 3160 506 3220 tu
528 3175 571 3220 ne
595 3156 814 3219 adoraueris
837 3173 901 3239 pra
923 3156 1060 3239 populo
1083 3158 1119 3219 et
1149 3175 1192 3220 ne
1221 3162 1351 3238 postu-

206 3260 347 3324 laueris
376 3279 441 3342 pro
474 3260 533 3324 his
566 3260 603 3323 in
636 3278 744 3342 prece
780 3262 815 3323 11
848 3259 1031 3340 oratione,
1067 3260 1243 3341 quoniam
1279 3281 1351 3327 non

208 3365 401 3429 exaudiam
431 3365 468 3429 in
495 3368 676 3448 tempore,
715 3382 784 3445 quo
807 3364 1070 3428 inuocauerint
1092 3383 1162 3444 me,
1198 3365 1234 3429 in
1259 3369 1351 3431 tem·

206 3488 292 3553 pore
317 3470 548 3534 adflictionis
572 3486 669 3533 suae.
708 3472 739 3532 et
762 3468 863 3531 adhuc
887 3486 990 3550 supra,
1013 3468 1097 3532 idem
1119 3469 1352 3535 misericordiae

154 3601 181 3640 11
207 3575 361 3656 praelator
385 3592 479 3655 quam
503 3572 659 3638 sacrificii:
691 3575 855 3637 11111111
880 3572 1100 3661 adoraueris
1123 3591 1188 3655 pro
1210 3576 1351 3658 populo

309 3738 338 3807 9]
358 3737 559 3803 1111111213.
627 3737 671 3806 10]
691 3736 724 3791 11,
737 3737 801 3790 Hos.
815 3740 839 3801 6,
853 3739 876 3791 6.
945 3737 988 3806 11]
1009 3736 1042 3791 11.
1055 3737 1147 3791 Erech.
1161 3740 1204 3802 33,
1217 3740 1242 3793 6.
1304 3742 1350 3810 12]

208 3825 346 3889 1111114,
361 3828 401 3880 10.
474 3825 516 3893 15]
536 3825 613 3878 Rom.
628 3827 668 3890 14,
680 3827 704 3879 4.
776 3824 821 3893 22]
841 3824 1023 3888 11111417.
1095 3824 1352 3895 23]Η111.14,12.

206 3913 251 3981 24]
270 3911 334 3966 ibid.
349 3916 389 3977 11,
404 3915 436 3967 14
449 3928 504 3981 sqq.
558 3912 601 3981 26]
621 3911 685 3965 ibid.
701 3915 723 3976 7,
737 3915 769 3966 15
783 3927 839 3980 sqq.

248 4064 264 4116 2
288 4078 320 4115 ne
340 4063 397 4117 Lat
469 4060 608 4115 4111111
630 4063 696 4116 Urs:
718 4060 764 4114 sed
787 4060 847 4114 ideo
865 4062 892 4115 B
963 4065 979 4116 5
997 4061 1162 4130 paracletum
1180 4061 1267 4116 istum
1285 4065 1351 4133 ford.

207 4152 239 4205 12
259 4149 420 4203 saluificater
442 4150 493 4204 Urs
559 4151 591 4203 17
610 4147 700 4201 futilia
718 4151 753 4216 B,
772 4148 895 4216 sparsilia
917 4148 940 4202 Ο
960 4149 1085 4205 11111111
1103 4149 1244 4204 nemeae
1263 4169 1283 4205 a
1301 4152 1353 4206 Pi-

205 4240 280 4292 tboec
298 4239 434 4306 inspectas
499 4238 533 4290 24
552 4235 622 4304 quod
642 4235 679 4304 et]
699 4234 870 4303 quoniamO
933 4239 967 4290 28
985 4236 1171 4289 inuocauerint
1193 4237 1222 4305 Ο,
1241 4237 1354 4301 inuoca-

205 4324 275 4376 uerit
293 4324 321 4377 B
373 4324 401 4376 in
424 4323 452 4392 0,
471 4324 543 4375 etin
561 4326 589 4377 B
641 4325 675 4377 29
693 4323 765 4375 idem
786 4323 850 4378 Ger.-
866 4322 971 4375 hisdem
989 4324 1017 4377 B
