2820 4914
308 388 354 442 IX.
373 388 417 441 De
436 388 559 441 ieiunio
578 388 735 440 aduersus
753 387 926 456 psychicos
945 390 1021 442 6-7.
1172 386 1233 450 281

93 566 185 649 ginta
216 564 325 629 diebus
357 563 549 646 totidemque
574 563 717 628 noctibus
741 583 836 646 supra
858 563 1014 627 humanae
1037 567 1167 627 naturae
1189 565 1236 628 la·

94 672 247 734 cultatem
279 670 429 734 ieiunium
459 669 647 752 perennauit
679 668 811 751 spiritali
844 668 904 732 fide
939 669 1086 732 uirtutem
1118 668 1235 732 submi-

94 775 265 855 nistrante,
296 778 327 838 et
357 774 434 838 uidit
464 775 561 838 oculis
592 773 641 837 dei
671 773 803 856 gloriam
834 776 864 837 et
891 772 1012 836 audiuit
1035 772 1162 836 auribus
1186 773 1235 836 dei

93 897 206 943 uocem
237 882 268 943 et
298 879 388 944 corde
417 879 548 943 coniecit
574 879 624 942 dei
645 879 749 961 legem
772 879 836 941 iam
859 881 933 942 tunc
957 877 1095 941 docentis
1118 895 1179 941 non
1203 879 1234 942 in

93 986 160 1049 solo
184 1002 265 1066 pane
288 984 393 1048 uiuere
416 984 589 1064 hominem,
621 983 730 1047 sedin
754 983 839 1046 omni
861 982 957 1046 uerbo
982 983 1044 1063 dei,
1071 1000 1143 1046 cum
1166 983 1235 1064 qui·
1273 1012 1286 1051 s

92 1089 165 1152 dern
198 1107 255 1152 nec
285 1089 388 1171 ipsum
411 1088 543 1171 Moysen
570 1087 632 1152 deo.
649 1090 775 1171 pastum
798 1087 996 1168 inediamque
1019 1086 1085 1151 eius
1109 1087 1234 1151 nomine

92 1193 273 1277 saginatam
311 1195 491 1257 constanter
525 1193 729 1275 contemplari
763 1193 882 1255 ualeret
914 1176 1058 1275 pinguim
1090 1192 1233 1275 populus.

92 1298 208 1362 merito
238 1297 334 1382 igitur
364 1297 460 1361 etiam
490 1296 522 1361 in
547 1315 640 1360 carne
663 1315 696 1360 se
720 1296 863 1361 dominus
887 1296 915 1360 ei
938 1296 1075 1360 ostendit
1097 1297 1234 1378 collegae

91 1401 282 1466 ieiuniorum
305 1419 443 1482 snorum,
467 1420 530 1466 non
553 1403 656 1465 minus
679 1405 711 1465 et
732 1401 852 1465 Heliae.
895 1419 969 1465 nam
992 1405 1024 1465 et
1045 1400 1154 1465 Helias
1177 1400 1234 1464 hoc

91 1507 242 1590 primum,
269 1507 352 1588 qnod
374 1507 491 1570 famem
513 1506 615 1570 fuerat
637 1505 836 1588 imprecatus
868 1505 945 1569 satis
968 1506 1031 1569 iarn
1054 1524 1088 1568 se
1110 1504 1233 1568 ieiuniis
1261 1534 1285 1573 ιο

90 1615 235 1676 uouerat.
271 1611 381 1691 uiuit,
405 1611 513 1693 inquit,
538 1611 722 1691 (1011111113,
746 1611 805 1674 cui
821 1609 962 1674 adsisto
978 1610 1015 1673 in
1031 1612 1233 1691 conspectu

91 1710 189 1796 eius,
221 1715 253 1779 si
279 1717 350 1779 erit
372 1733 431 1779 ros
454 1716 538 1780 istis
563 1715 669 1779 annis
693 1718 729 1779 et
750 1714 877 1778 imber,
924 1713 1036 1778 dehinc
1059 1715 1233 1777 minantem

91 1820 218 1884 Iezabel
240 1821 364 1904 fugiens
388 1824 459 1904 post
481 1821 608 1884 unicum
632 1820 784 1903 pabulum
807 1824 838 1883 et
859 1823 978 1902 potum,
1002 1838 1095 1902 quem
1119 1819 1157 1883 ab
1178 1838 1233 1883 an-

92 1926 164 2009 gelo
195 1926 428 2008 expergefactus
459 1926 636 2006 inuenerat,
671 1928 702 1988 et
730 1925 797 2008 ipse
827 1924 1034 2008 quadraginta
1064 1923 1171 1988 diebus
1203 1926 1234 1987 et

92 2029 238 2094 noctibus
262 2047 360 2094 uacuo
384 2033 503 2111 uentre,
535 2029 620 2093 arido
643 2048 694 2094 ore
717 2029 861 2111 peruenit
883 2030 914 2093 in
938 2032 1077 2093 montem
1101 2028 1232 2109 Choreb,
1261 2057 1286 2096 15

93 2134 147 2198 nbi
178 2152 251 2197 oum
281 2133 313 2197 in
342 2134 522 2216 speluncam
547 2132 746 2214 deuertisset,
777 2152 871 2215 quam
893 2133 1040 2198 familiari
1063 2151 1233 2216 congressu

93 2238 142 2301 dci
173 2241 319 2321 exceptus
348 2240 410 2302 est!
456 2239 542 2320 quid
572 2242 611 2303 tu
634 2238 745 2302 Helia
773 2237 855 2302 hic?
887 2238 984 2302 multo
1015 2237 1142 2302 amicior
1173 2239 1233 2301 ista

93 2361 152 2406 uox
188 2360 282 2424 quarn
312 2341 429 2406 Adam
465 2342 527 2406 ubi
559 2346 618 2407 es?
663 2342 717 2406 illa
748 2343 831 2406 enim
861 2347 949 2426 pasto
984 2343 1102 2406 homini
1133 2343 1232 2406 mina-

92 2446 196 2526 batur,
220 2445 281 2510 ista
303 2446 406 2510 ieiuno
429 2446 656 2512 blandiebatur.
701 2449 789 2510 tanta
812 2450 859 2510 est
881 2446 1107 2529 circumscripti
1130 2447 1232 2510 uictus

92 2550 319 2634 praerogatiua,
351 2554 386 2615 ut
412 2552 505 2614 deum
529 2555 668 2635 praestet
689 2552 807 2616 homini
830 2551 1094 2631 contubernalem,
1124 2569 1232 2633 parem
1259 2580 1285 2618 ae

92 2672 202 2718 reuera
224 2655 299 2738 pari.
348 2655 374 2718 si
397 2655 482 2719 enirn
506 2656 581 2719 dens
606 2659 751 2720 aeternus
779 2673 841 2719 non
871 2656 1002 2736 esuriet,
1033 2659 1068 2719 nt
1098 2658 1232 2719 testatur

91 2778 146 2841 per
170 2759 306 2840 Esaiam,
330 2760 388 2824 hoc
410 2760 468 2824 erit
491 2764 626 2844 tempus,
650 2779 710 2843 quo
733 2761 826 2828 homo
850 2760 906 2824 deo
930 2760 1129 2842 adaequetur,
1160 2778 1231 2824 curn

91 2863 157 2927 sine
181 2863 295 2945 pabulo
319 2863 406 2928 uiuit.

133 2966 163 3030 7.
188 2966 403 3033 Processimus
427 2970 531 3051 itaque
555 2970 617 3034 iarn
642 2971 680 3034 ad
704 2971 855 3053 exempla,
878 2969 924 3034 uti
947 2970 1147 3034 redoleamus
1171 2971 1232 3034 uti·

89 3071 190 3135 litatis
214 3071 353 3136 efficacia
371 3076 544 3155 potestates
565 3075 654 3138 istius
671 3074 774 3156 officii,
798 3075 990 3158 quodetiam
1007 3075 1122 3138 iratum
1139 3074 1231 3138 deum
1259 3102 1284 3142 as

88 3175 209 3239 homini
231 3177 420 3241 reconciliat.
454 3177 625 3259 deliquerat
641 3179 738 3243 Israel
762 3180 793 3243 in
817 3179 982 3262 aquatione
1000 3179 1081 3263 apud
1097 3179 1232 3263 Maspha

88 3284 298 3363 congregatus
322 3298 341 3343 a
364 3279 518 3361 Samuele,
546 3283 666 3347 sedita
689 3284 797 3347 statim
821 3284 969 3348 delictum
991 3284 1106 3348 ieiunio
1130 3285 1231 3365 diluit,

88 3387 125 3447 ut
147 3384 322 3465 periculum
344 3387 452 3469 proelii
476 3387 569 3451 simul
593 3388 717 3474 fugerit.
754 3406 825 3451 oum
849 3389 983 3453 maxime
1007 3389 1133 3455 Samuel
1157 3389 1232 3453 offe-

86 3488 180 3552 rebat
208 3488 425 3554 holocanstum
456 3489 503 3573 (in
533 3492 618 3555 nullo
649 3492 749 3575 magis
780 3497 978 3574 procuratam
1008 3494 1151 3558 audimus
1183 3495 1231 3557 dei

88 3593 289 3657 elementiam
314 3612 407 3676 quam
428 3595 458 3658 in
477 3595 668 3660 abstinentia
682 3595 802 3680 populi)
826 3600 857 3660 et
873 3597 1021 3680 allophyli
1037 3599 1153 3682 proelio
1177 3597 1230 3661 ad·
1257 3624 1284 3663 ³0

88 3696 275 3777 mouebant,
307 3698 424 3762 ibidem
456 3699 600 3764 dominns
630 3700 766 3765 intonuit
795 3719 871 3765 noce
902 3719 1017 3785 magna
1040 3722 1132 3784 super
1155 3701 1231 3765 allo-

196 3853 439 3922 lllllteg.17‚l.
479 3856 522 3923 17]
536 3853 601 3908 ibid.
617 3859 656 3920 19,
669 3858 694 3911 9.
732 3857 777 3925 18]
791 3855 932 3920 (111169.
972 3856 1229 3926 aa]ef.as.4o,aa.

88 3939 135 4008 26]
156 3937 190 3993 ef.
211 3939 445 4009 laamaasqq.

132 4080 149 4132 6
168 4078 336 4147 inediamque
358 4079 649 4148 mammemque
703 4084 812 4137 numine
835 4086 886 4140 Ura
940 4086 972 4139 16
991 4083 1143 4153 speluncam
1162 4087 1231 4140 Iun:

87 4164 216 4234 spelunca
233 4167 260 4219 B
331 4169 364 4221 26
383 4167 495 4236 Maspha
513 4168 597 4222 Pam:
618 4168 744 4237 Masphat
761 4171 803 4238 B;
824 4173 864 4227 nic
881 4173 963 4227 0110111
980 4173 1057 4240 iufra
1127 4174 1159 4226 27
1183 4173 1229 4226 sed

87 4269 140 4308 om.
160 4253 231 4306 Pom
293 4255 327 4309 28
346 4253 445 4322 fugerit
464 4256 625 4310 Harriaias:
643 4254 743 4310 fuderit
761 4259 788 4311 B
845 4260 879 4312 30
898 4257 926 4311 in
944 4259 1042 4313 addidi
1098 4259 1229 4327 proelium

87 4339 146 4395 Lat
199 4341 231 4394 31
250 4338 351 4392 ibidem
370 4340 612 4410 Bouianum
633 4343 683 4398 Gal
