2820 4914
250 385 296 440 IX.
316 386 359 438 De
377 385 501 438 ieiunio
520 385 676 438 aduersus
695 384 868 452 psychicos
888 385 997 439 10-11.
1133 382 1196 446 289

51 566 145 646 perta
167 562 340 626 secundum
361 562 512 626 maiorem
528 563 593 625 uim
608 560 825 644 imperitorum
841 560 922 643 apud
938 559 1195 643 gloriosissimam

53 668 174 731 scilicet
197 667 431 731 multitudinem
453 666 681 750 psychicorum.
720 667 884 748 propterea
910 683 964 746 per
988 665 1127 747 singulas
1151 664 1198 727 di·

51 773 192 836 reximus
223 772 341 854 species
372 771 608 850 ieiunationum,
639 769 908 852 xerophagiarum,
941 772 990 832 sta
972 769 1121 849 alionum,
1151 771 1196 847 ut,

53 876 130 938 dum
161 894 362 939 recensemus
394 875 633 939 secundnmut
597 874 760 955 utriusque
791 877 838 937 es
840 876 972 936 ameni
1005 876 1197 956 paraturam,

51 983 210 1061 quantum
227 979 391 1063 proficiant
405 980 540 1043 recusati
556 979 607 1042 uel
623 978 715 1042 recisi
706 978 781 1041 uel
796 980 845 1042 ret
831 977 943 1042 tt'arda
921 981 945 1041 tr
960 976 1068 1060 pabuli
1084 974 1250 1056 officiat

52 1103 108 1148 eos
133 1085 349 1165 retundamus,
374 1084 426 1166 qui
449 1085 526 1148 haec
549 1084 637 1147 uelut
659 1082 805 1147 uacantia
827 1081 998 1162 infirment,
1022 1081 1100 1145 item
1124 1081 1198 1144 dum

49 1191 172 1271 pariter
195 1189 399 1270 ostendimus
424 1207 484 1270 quo
509 1207 633 1271 semper
648 1187 681 1251 in
698 1187 804 1251 ordine
820 1187 937 1250 fuerint
952 1186 1122 1269 religionis,
1146 1203 1198 1248 eos

50 1295 267 1373 reuincamus,
291 1296 343 1375 qui
366 1294 443 1357 haec
467 1296 501 1356 ut
517 1311 600 1356 noua
620 1295 782 1365 accusant3
806 1310 863 1355 nec
884 1308 1001 1355 nouum
1019 1291 1101 1354 enim
1118 1288 1200 1372 qued

51 1417 181 1481 semper
212 1417 269 1461 nec
300 1415 435 1461 uacuum
467 1397 549 1479 quod
579 1397 664 1460 utile.
704 1397 759 1459 sed
790 1399 822 1459 et
851 1395 928 1460 illud
955 1395 988 1458 in
1016 1395 1117 1458 medie
1141 1396 1198 1473 est,

50 1502 212 1583 quaedam
236 1520 272 1565 ex
295 1502 343 1565 his
367 1500 477 1565 officiis
502 1520 520 1564 ι
543 1501 599 1564 deo
623 1500 742 1565 homiui
764 1500 919 1582 imperata
948 1499 1053 1582 legem
1083 1498 1199 1562 consti·
1227 1523 1251 1560 ιι

51 1607 165 1686 tuisse,
182 1606 337 1688 quaedam
353 1605 392 1669 ab
409 1605 535 1670 homine
552 1605 607 1669 deo
624 1604 852 1669 oblatauotum
865 1603 1060 1687 expunxisse.
1092 1606 1199 1666 tamen

54 1714 90 1774 et
114 1714 233 1790 uotum,
257 1729 329 1774 eum
353 1728 372 1773 a
395 1710 451 1774 deo
476 1713 672 1791 acceptatum
696 1712 754 1789 est,
777 1710 881 1792 legem
900 1708 934 1772 ιιι
949 1711 1110 1791 posterum
1125 1708 1201 1770 facit

51 1835 113 1898 per
137 1817 355 1880 auctoritatem
372 1815 590 1898 acceptatoris;
616 1815 725 1878 exinde
742 1815 826 1878 enim
842 1814 1020 1878 faciendum
1037 1813 1201 1877 mandauit

55 1921 111 2002 qui
134 1920 252 1984 factum
276 1921 501 2002 comprobauit.
540 1921 643 2002 itaque
665 1923 696 1984 et
709 1920 783 1984 hinc
798 1921 831 1983 in
847 1920 908 1983 alia
924 1919 1025 2002 specie
1042 1918 1200 1982 altercatio

54 2025 200 2088 diuersae
222 2025 320 2107 partis
342 2024 517 2104 obducitur,
541 2042 613 2087 cum
629 2024 749 2087 dicunt:
774 2027 829 2087 aut
843 2023 1127 2106 psendoprophetia
1142 2025 1200 2102 est,
1228 2044 1253 2083 ιι

55 2129 84 2191 si
101 2129 251 2210 spiritalis
268 2147 327 2193 uox
344 2129 508 2194 sollemnia
523 2128 585 2193 ista
600 2128 771 2209 coustituit,
788 2130 844 2192 aut
858 2128 1008 2209 haeresis,
1025 2128 1052 2191 si
1063 2129 1202 2191 humana

55 2233 273 2316 praesumptio
298 2234 466 2298 adinuouit.
507 2251 576 2297 eam
593 2233 676 2296 enim
692 2233 827 2297 formam
842 2232 1116 2315 reprehendentes,
1140 2250 1202 2313 qua

57 2340 160 2401 etuet
162 2356 215 2401 ιιι
235 2338 489 2418 decucurrerunt,
514 2341 605 2401 etex
628 2355 665 2401 ea
687 2341 868 2418 retorquent
870 2357 912 2418 es,
936 2340 1070 2420 quaeet
1056 2337 1202 2400 taduer-
1273 2354 1276 2360 ·

58 2442 134 2505 sarii
158 2445 301 2506 ueterum
324 2443 473 2506 aduersus
498 2442 553 2505 illa
576 2444 723 2524 poterunt
744 2445 861 2505 retract
862 2460 924 2522 are,
949 2444 1042 2504 aute
1043 2441 1132 2505 tilla
1153 2459 1202 2503 re·
1258 2460 1262 2466 ·

58 2563 170 2609 cusere
194 2546 352 2611 debebunt
338 2550 428 2611 taut
451 2547 585 2610 ιιιιιι
577 2550 639 2610 ista
662 2545 833 2629 suscipere;
865 2545 1038 2609 necessarie
1066 2544 1200 2608 maxime
1228 2570 1253 2608 ιο

59 2669 133 2714 oum
157 2654 190 2714 et
218 2651 288 2732 ista,
321 2669 339 2715 a
368 2669 564 2733 quocumque
587 2650 768 2714 institutore
790 2653 866 2713 sunt
892 2650 957 2713 siue
981 2649 1112 2731 spiritali
1134 2649 1201 2711 siue

60 2759 189 2819 tantum
218 2755 313 2835 fideli,
345 2756 447 2819 eidem
477 2756 533 2819 deo
565 2758 700 2836 currant,
732 2754 782 2817 cui
813 2757 845 2817 et
871 2757 987 2818 uetera.
1026 2752 1201 2817 indubitate

60 2860 147 2922 enim
171 2862 202 2923 ιι
223 2860 363 2924 haeresis
387 2863 418 2923 et
439 2860 722 2942 pseudoprophetia
738 2859 910 2923 diuinitatis
927 2858 1107 2922 diuersitate
1123 2857 1202 2920 iudi-

60 2963 217 3028 cabuntur
247 2965 328 3047 apud
358 2980 415 3028 nos
446 2981 554 3028 omnes
586 2964 670 3027 uuioi
698 2963 748 3027 dei
770 2963 917 3027 creatoris
942 2966 972 3027 et
995 2960 1112 3027 Christi
1135 2963 1200 3026 eius

62 3068 232 3151 antistites
257 3070 393 3151 adeoque
417 3069 630 3133 indifferenter
651 3069 733 3132 hanc
756 3071 877 3151 partem
901 3068 1032 3132 defendo
1047 3066 1110 3132 illis
1126 3066 1201 3130 offe·
1228 3091 1253 3131 ιι

61 3192 136 3237 rens
159 3173 191 3237 in
214 3190 273 3254 quo
304 3173 403 3236 uelint
432 3174 564 3257 gradum
595 3172 700 3256 figere.
740 3172 866 3254 spiritus
890 3171 1005 3236 diaboli
1028 3175 1086 3253 est,
1115 3171 1201 3251 dicis,

61 3297 80 3341 o
104 3277 258 3360 psychice.
298 3281 329 3341 et
351 3278 504 3359 quomode
528 3277 577 3341 dei
599 3277 697 3341 nostri
720 3276 824 3340 officia
845 3276 953 3340 indicit
975 3295 1032 3340 nec
1055 3276 1107 3340 alii
1127 3274 1201 3340 offe-

61 3382 162 3446 renda
176 3399 271 3463 quam
288 3381 344 3446 deo
361 3384 489 3446 nostro?
527 3385 583 3445 aut
598 3381 750 3445 contende
766 3379 926 3445 diabolum
941 3399 1012 3445 eum
1029 3380 1084 3444 deo
1100 3380 1201 3444 facere

62 3489 169 3550 nostro
197 3489 252 3549 aut
281 3489 408 3550 satanas
438 3485 615 3568 paracletus
646 3486 808 3549 habeatur.
848 3485 903 3548 sed
932 3485 1091 3549 hominem
1122 3484 1202 3547 anti-

62 3590 218 3656 christum
241 3589 402 3664 adfirmas;
425 3590 484 3653 hoc
507 3590 590 3653 enim
613 3592 765 3654 uocantur
787 3589 934 3653 haeretici
956 3589 1083 3653 nemine
1105 3607 1201 3671 penes
1229 3612 1255 3652 eo

62 3694 246 3758 Iohannem.
286 3697 318 3757 et
348 3694 512 3776 quomodo,
542 3695 680 3776 quisquis
711 3695 764 3758 ille
796 3697 854 3774 est,
885 3694 919 3756 in
942 3692 1064 3757 Christo
1095 3695 1202 3756 nostro

62 3800 144 3862 haec
174 3817 248 3883 erga
278 3798 440 3863 domiuum
471 3801 613 3863 nostrum
646 3798 748 3863 oflioia
775 3798 937 3881 disposuit,
968 3816 1039 3861 cum
1070 3800 1101 3860 et
1124 3796 1203 3861 auti-

62 3903 174 3968 christi
196 3922 271 3987 erga
293 3904 396 3984 deum,
429 3904 595 3967 aduersum
623 3905 765 3967 nostrum
788 3900 997 3985 processerint
1019 3900 1202 3966 Christum?

111 4077 144 4131 12
162 4075 247 4130 sancit
264 4077 321 4130 Lat
379 4078 411 4130 19
429 4077 648 4144 potueruntt
591 4076 655 4142 Lat,
674 4077 722 4143 pot
710 4076 798 4128 terant
820 4075 872 4129 Ure
928 4075 962 4128 20
981 4071 1130 4125 debuerunt
1147 4073 1204 4127 Lot

62 4166 113 4218 aut
131 4163 195 4217 odo.
208 4164 265 4217 Lot
317 4165 388 4215 exert
389 4179 405 4215 a
419 4164 456 4230 B,
475 4162 608 4230 exerteG,
627 4163 696 4214 certe
714 4163 765 4216 Urs
819 4159 964 4213 necessario
986 4160 1037 4214 Urs
1090 4159 1203 4212 maxime

62 4251 116 4305 del.
140 4251 191 4305 Uro
258 4251 292 4307 81
313 4249 367 4302 sint
390 4251 440 4304 Urs
510 4251 544 4304 23
562 4247 801 4317 pseudoprophetia
821 4246 884 4301 Get.-
905 4245 1126 4315 pseudoprophet'
1119 4262 1159 4299 ιιι
1177 4247 1204 4300 Β

62 4341 99 4393 24
119 4352 210 4389 omnes
231 4336 293 4392 Gel:
311 4336 381 4405 apud
400 4351 491 4389 omnes
507 4337 534 4390 B
588 4337 621 4390 32
640 4334 719 4388 deum
737 4337 799 4404 sort.
854 4336 888 4388 33
906 4350 969 4402 erga
987 4333 1066 4387 deum
1085 4334 1134 4388 del.
1147 4334 1206 4388 Lat

119 4431 160 4472 xx.
176 4432 234 4472 uera.
246 4431 264 4471 1.
1018 4426 1048 4471 19
