2820 4914
691 1046 729 1128 Χ.

582 1257 649 1321 DE
678 1255 843 1322 ANIMA.

189 1469 215 1531 1.
244 1444 296 1535 lle
324 1469 389 1532 solo
417 1487 513 1531 censu
537 1468 661 1531 animae
689 1487 874 1552 congressus
897 1469 1099 1552 Hermogeni,
1130 1471 1250 1550 quatenus

144 1578 174 1637 et
196 1574 292 1636 istum
316 1592 352 1635 er
376 1573 525 1636 materiae
548 1573 653 1655 potius
677 1576 828 1656 suggestu
852 1592 946 1655 quarn
971 1592 1007 1635 er
1039 1573 1087 1637 dei
1110 1572 1180 1636 flatu
1199 1589 1250 1634 con·

104 1704 117 1741 a
144 1677 263 1741 stitisse
294 1677 515 1760 praesumpsit,
547 1696 630 1740 nuno
661 1677 700 1740 ad
722 1678 858 1759 reliquas
886 1696 1055 1741 conuersus
1086 1676 1250 1760 quaestiones

142 1784 311 1865 plurimum
335 1781 464 1844 uidebor
486 1801 557 1845 eum
580 1782 774 1864 philosophis
798 1781 1010 1845 dimicaturus
1050 1782 1145 1846 etiam
1162 1782 1190 1844 in
1205 1797 1252 1842 car·

143 1906 212 1950 cere
236 1886 370 1951 Socratis
400 1886 436 1949 de
465 1886 588 1949 animae
612 1889 695 1949 statu
719 1886 887 1949 uelitatum
910 1890 967 1949 est.
1007 1887 1112 1950 neseio
1139 1885 1195 1949 iam
1213 1883 1253 1946 hoo

143 1992 288 2074 primum,
313 2009 352 2054 an
369 1994 540 2073 opportuno
562 1992 592 2053 in
613 1993 753 2073 tempore
774 1990 957 2074 magisterii,
982 1990 1043 2054 etsi
1063 1990 1141 2054 nihil
1160 1990 1192 2053 do
1207 1989 1254 2052 looo

186 2217 202 2270 2
226 2215 248 2280 Q
275 2214 439 2268 SEPTIMII
462 2213 665 2268 FLORENTIS
687 2214 930 2268 THRTVLLIANI
953 2209 1257 2270 oanrflnornunsn

142 2303 190 2356 DE
209 2301 326 2355 ΑΝΙΜΑ
344 2302 459 2355 LIBER.
479 2304 506 2356 B
572 2304 588 2356 3
607 2301 655 2355 DE
674 2301 972 2356 IMMORTALITATH
990 2301 1133 2355 ANIMAE
1150 2301 1158 2371 l
1175 2301 1200 2354 Si
1215 2297 1258 2352 sub·

142 2390 241 2444 stantia
263 2390 375 2454 animae,
399 2393 425 2442 et
447 2406 482 2442 an
506 2388 656 2457 corporalis,
680 2392 707 2442 et
730 2405 764 2442 an
787 2389 914 2458 effigiata,
936 2406 1022 2442 unum
1047 2405 1104 2443 esse
1123 2389 1229 2442 animam
1242 2386 1259 2436 tt

142 2478 274 2546 spiritum,
298 2493 351 2530 non
376 2477 492 2545 separari
515 2477 633 2529 animam
656 2480 683 2529 et
701 2477 829 2539 animum,
853 2492 887 2529 an
906 2477 948 2540 sit,
972 2475 1019 2529 ubi
1043 2476 1079 2530 sit
1096 2476 1167 2544 quod
1184 2474 1260 2528 dicitur

142 2564 340 2632 hegemonicon,
360 2563 392 2616 de
411 2564 526 2631 quinque
545 2563 666 2616 sensibus
685 2563 873 2632 corporalibus,
893 2562 964 2631 quod
982 2562 1137 2632 philosophi
1155 2562 1260 2616 ethaero-

142 2651 189 2706 tici
207 2651 377 2719 distinguunt
395 2651 466 2703 inter
478 2650 610 2703 sensualia
622 2653 648 2703 et
661 2649 860 2715 intellectualia,
879 2649 1049 2704 Intellectum
1063 2666 1168 2719 semper
1179 2648 1261 2702 anina

142 2739 235 2802 inesse,
257 2738 297 2791 De
321 2737 430 2791 caeteris
453 2737 620 2790 naturalibus
643 2737 755 2806 animae,
778 2737 855 2790 Unde
879 2736 968 2789 anima
991 2735 1120 2790 aduersus
1138 2734 1262 2790 haereticos

142 2826 187 2894 qui
205 2841 263 2878 earn
283 2825 315 2878 de
334 2824 413 2878 coelis
432 2824 567 2877 deferunt:
586 2823 722 2877 Aduersus
741 2827 929 2892 argumentum
941 2823 1073 2888 Platonis,
1093 2823 1164 2892 quod
1182 2823 1262 2876 disoen-

142 2912 193 2966 tias
216 2911 425 2965 reminiscentias
450 2910 533 2964 dicat:
560 2912 600 2964 De
626 2913 780 2979 contemptu
804 2911 907 2964 animae
931 2909 1059 2964 aduersus
1087 2927 1132 2964 eos
1155 2910 1200 2979 qui
1219 2907 1264 2978 post

141 3002 248 3068 partum
268 3000 370 3067 corpori
388 3015 446 3051 eam
465 2997 608 3052 inducunt:
627 2997 764 3051 Aduersus
777 2998 946 3051 Platonicum
966 2997 1072 3066 dogma,
1091 2997 1163 3066 quod
1181 3013 1229 3050 non
1243 3009 1264 3046 er

142 3085 255 3138 mortuis
278 3085 346 3138 fiant
367 3085 434 3137 uiui:
462 3084 505 3137 Ad
523 3085 692 3153 Pythagorae
716 3088 743 3137 et
764 3083 932 3154 Empedoclis
958 3084 1095 3153 opiniones
1119 3083 1152 3137 de
1170 3086 1265 3137 meun-

141 3171 264 3241 psycbosi
283 3175 309 3225 et
328 3172 595 3225 metensomatisimo:
614 3171 750 3225 Aduersus
770 3171 885 3225 Simonis
904 3171 1057 3239 opinionem
1076 3174 1104 3225 et
1116 3167 1267 3240 carpocratis

141 3258 346 3312 haeretieorum:
369 3259 408 3311 De
428 3276 489 3311 seru
508 3259 611 3312 animae
630 3262 657 3312 et
676 3259 770 3323 carnis,
794 3258 864 3326 quod
883 3258 963 3311 simul
983 3258 1011 3310 in
1028 3261 1106 3312 utero
1124 3257 1267 3317 formentur,

141 3347 169 3399 in
187 3362 261 3399 eum:
284 3347 324 3399 De
342 3348 427 3399 aetate
446 3346 530 3399 carnis
550 3349 576 3398 et
594 3346 710 3399 animae:
733 3346 773 3398 De
793 3346 866 3409 cibis,
885 3344 1017 3413 quomodo
1035 3344 1069 3398 ad
1088 3345 1205 3398 animam
1220 3359 1268 3413 par-

141 3434 226 3487 tinere
249 3432 402 3486 uideantur:
430 3433 539 3486 Nullam
562 3449 628 3501 pene
652 3432 768 3486 animam
797 3433 853 3486 sine
881 3432 1020 3485 daemonio
1047 3448 1116 3486 esse:
1144 3429 1269 3498 Quomodo

142 3537 201 3575 caro
220 3519 353 3588 peccatrix
372 3519 488 3573 dicatur:
515 3521 554 3573 De
573 3519 641 3572 bono
660 3523 688 3572 et
706 3519 776 3572 malo
794 3519 910 3573 animae:
938 3520 978 3572 De
1000 3521 1098 3573 morte:
1125 3518 1168 3573 De
1190 3533 1270 3573 somno

140 3608 290 3677 pertinente
309 3606 507 3661 adtractatum
526 3606 631 3660 mortis:
651 3606 686 3659 Et
705 3607 737 3659 de
755 3606 845 3659 anima
856 3607 1030 3660 Hermotimi:
1049 3606 1089 3660 De
1102 3606 1270 3660 Hermotimo:

140 3696 180 3748 De
199 3694 316 3758 somniis,
336 3694 467 3762 quomodo
484 3682 517 3747 'ea
534 3694 654 3763 patiatur
672 3694 769 3758 anima,
788 3697 815 3747 et
832 3693 902 3747 unde
920 3693 1056 3747 eueniant:
1074 3694 1114 3746 De
1133 3693 1162 3748 ui
1179 3692 1272 3754 mortis,

141 3786 167 3836 et
186 3781 218 3835 de
237 3781 383 3835 Menandro
402 3782 546 3835 haeretico:
565 3781 642 3834 Nihil
661 3781 764 3834 animae
783 3782 811 3834 in
830 3797 937 3850 corpore
955 3797 1061 3834 manere
1080 3784 1271 3849 postmortem,

141 3872 171 3923 ut
190 3869 297 3922 uidetur
315 3867 486 3936 quibusdam:
510 3870 549 3922 De
569 3869 672 3922 animae
691 3885 804 3933 excessu,
827 3870 867 3922 De
886 3872 1000 3938 receptu,
1023 3868 1063 3921 De
1082 3867 1273 3933 insensatas

141 3955 205 4008 illue
233 3972 324 4009 ornnes
352 3955 455 4008 animae
483 3955 688 4024 compellentur:
720 3955 762 4009 An
790 3959 987 4009 commorentur
1014 3955 1059 4008 hic
1086 3955 1190 4010 animae
1220 3957 1274 4025 post

141 4047 262 4110 mortem,
287 4042 330 4095 uel
353 4042 385 4096 ab
409 4042 501 4095 inferis
525 4046 681 4106 commeent,
704 4042 747 4095 An
771 4042 872 4111 aliquid
894 4043 1002 4097 interim
1021 4043 1126 4096 animae
1144 4043 1274 4112 patiantur

141 4129 211 4197 apud
230 4129 337 4195 inferos
356 4130 396 4182 Da
415 4128 469 4181 solo
488 4145 566 4182 censu
580 4130 683 4183 animae
696 4131 723 4183 Β
727 4151 736 4197 ,·
753 4131 784 4184 ira
796 4132 823 4184 A
838 4132 1009 4200 principium
1027 4131 1092 4185 tion
1111 4131 1183 4186 deest
1199 4145 1275 4199 usque

140 4217 178 4269 od
192 4233 257 4286 pop.
270 4220 323 4270 307
343 4219 400 4269 aad
453 4214 583 4268 isocrati
597 4217 662 4271 Seol
715 4215 856 4269 uelitatum
872 4217 934 4271 aar:
952 4215 995 4268 uel
1013 4215 1053 4268 ita
1070 4215 1275 4271 uelifiostumB

141 4305 157 4357 8
176 4302 323 4370 magisterii
343 4303 421 4358 Seol:
439 4302 560 4370 magistri
579 4304 607 4356 B
