2820 4914
455 376 529 431 VIII.
548 377 593 430 De
610 377 774 446 pudicitia
791 382 814 434 9.
1139 379 1201 444 237

64 551 210 615 curandis
247 553 441 635 praepositus
479 553 610 636 resipuit
648 554 686 618 ad
719 557 839 637 patrem
877 555 1006 635 reuerti,
1038 555 1107 618 iam
1141 572 1203 619 non

65 656 189 721 moechi
216 660 246 720 et
274 658 491 739 fornicatores
522 660 576 722 sed
599 659 780 723 idololatrae
803 662 834 723 ot
856 659 1032 741 blasphemi
1055 663 1087 723 11
1108 678 1204 743 nega-

65 763 149 824 tores
166 763 198 824 et
216 780 307 826 omne
328 766 540 846 apostatarum
555 783 654 847 genus
669 764 728 827 bac
743 762 892 847 parabola
906 764 986 847 patri
1002 764 1203 844 satisfacient,

66 867 98 928 et
122 865 199 929 elisa
221 870 268 930 est
289 867 451 931 uerissime
472 868 532 931 hoc
552 868 699 951 imaginis
722 868 814 933 modo
829 871 896 932 tota
911 868 1087 932 substantia
1101 886 1204 932 sacra-

66 970 174 1034 menti.
219 971 288 1052 quis
312 971 396 1035 enim
419 971 544 1036 timebit
564 972 741 1056 prodigere,
769 972 851 1054 quod
873 971 1003 1036 habebit
1023 975 1133 1054 postca
1154 992 1203 1035 re·
1242 1001 1255 1039 5

66 1078 236 1156 cuperare?
270 1076 338 1157 quis
359 1064 481 1140 curabit
494 1080 644 1159 perpetuo
660 1094 855 1157 conseruare,
879 1078 961 1159 quod
976 1095 1038 1140 uon
1053 1080 1202 1160 perpetuo

64 1179 181 1262 poterit
210 1180 374 1244 amittere?
420 1182 570 1245 securitas
599 1182 702 1245 delicti
726 1182 821 1245 ctiam
843 1180 939 1245 libido
963 1185 1011 1245 est
1034 1183 1108 1245 eius.
1153 1201 1202 1244 re-

65 1283 226 1366 cuperabit
248 1285 342 1368 igitur
366 1288 397 1349 et
420 1289 563 1367 apostata
585 1289 707 1350 uestem
729 1287 874 1369 priorem,
898 1285 1117 1349 indumentum
1140 1287 1203 1368 spi-

64 1388 145 1452 ritus
169 1389 281 1469 sancti,
310 1392 341 1453 et
364 1391 493 1454 anulum
516 1390 631 1471 denuo,
660 1391 858 1474 signaculum
880 1391 1009 1471 lauacri,
1042 1394 1073 1454 11
1094 1409 1202 1454 rursus

64 1492 112 1555 illi
141 1493 330 1557 mactabitur
353 1492 510 1574 Christus,
542 1498 573 1558 et
601 1494 764 1559 recumbet
787 1512 822 1558 eo
845 1495 876 1558 in
900 1497 981 1576 toro,
1001 1494 1050 1557 ‘de
1073 1512 1133 1576 quo
1156 1495 1203 1559 in·
1229 1523 1254 1560 10

64 1597 158 1680 dIgne
181 1599 287 1663 uestiti
309 1616 327 1662 a
346 1599 513 1663 tortoribus
537 1599 639 1664 solent
660 1600 728 1664 tolli
752 1602 783 1663 et
806 1599 886 1663 abici
906 1599 938 1662 iu
962 1598 1121 1678 tenebras,
1149 1618 1203 1663 ne-

64 1702 141 1765 dum
169 1703 302 1785 spoliati.
348 1704 418 1787 plus
447 1706 495 1767 est
516 1703 624 1786 igitur,
656 1704 682 1767 si
705 1721 763 1768 nec
786 1703 909 1787 expedit
931 1703 963 1767 in
986 1701 1202 1768 Christianum

63 1807 230 1871 conuenire
261 1808 399 1871 ordinem
429 1807 486 1872 filii
515 1808 645 1891 prodigi.
691 1808 771 1890 quod
798 1808 825 1871 si
847 1826 904 1872 nec
926 1808 958 1871 iu
981 1807 1131 1872 Iudaeum
1153 1810 1202 1872 in-

63 1914 153 1994 tegre
183 1911 241 1975 filii
270 1913 373 1996 imago
402 1912 571 1992 concurrit,
602 1912 641 1976 ad
663 1913 856 1995 propositum
879 1912 996 1976 domini
1019 1912 1202 1996 simpliciter

62 2014 277 2097 interpretatio
307 2015 542 2099 gubernabitur.
588 2019 718 2080 uenerat
745 2016 890 2081 dominus
913 2017 1029 2098 utique,
1057 2019 1092 2079 ut
1121 2016 1202 2098 quod
1229 2043 1253 2082 15

62 2119 201 2201 perierat
235 2121 358 2185 saluum
387 2122 517 2201 faceret,
553 2121 692 2185 medicus
722 2121 944 2205 languentibus
975 2122 1075 2204 magis
1108 2139 1201 2203 quam

63 2225 150 2287 sanis
174 2227 377 2289 necessarius.
411 2225 471 2290 hoc
494 2229 525 2289 et
546 2225 579 2289 in
601 2224 757 2309 parabolis
773 2224 930 2309 figurabat
945 2227 976 2289 et
991 2226 1023 2289 in
1039 2227 1200 2289 sententiis

62 2328 272 2411 praedicabat.
320 2330 389 2411 quie
412 2331 493 2413 perit
522 2330 700 2411 hominum,
730 2330 798 2412 quis
828 2329 915 2394 labat
944 2330 982 2393 de
1004 2325 1200 2410 ualetudine,

63 2434 125 2497 nisi
156 2433 208 2515 qni
240 2435 339 2502 deum
360 2435 481 2498 nescit?
526 2435 595 2517 quis
620 2435 727 2498 saluus
750 2453 786 2498 ao
808 2453 918 2514 sanue,
950 2435 1010 2498 nisi
1032 2435 1085 2516 qui
1107 2435 1200 2498 deum

64 2539 174 2601 nouit?
218 2539 274 2602 has
290 2539 382 2602 >duas
406 2539 523 2622 species
544 2540 582 2603 de
604 2558 718 2623 genere
741 2530 901 2603 fraternas
917 2539 994 2602 baec
1016 2556 1136 2620 quoque
1159 2539 1200 2602 si·
1226 2562 1252 2601 no

63 2641 175 2724 gnabit
196 2641 353 2725 parabola.
395 2643 466 2706 uide
490 2661 529 2706 an
552 2643 668 2708 habeat
690 2643 831 2708 ethnicus
855 2643 1064 2707 substantiam
1086 2643 1118 2706 in
1142 2643 1199 2706 deo

62 2748 152 2828 patre
175 2764 286 2811 census
310 2747 533 2839 ct,sapientiae
557 2750 588 2811 et
610 2748 760 2812 naturalis
784 2747 949 2831 agnitionis
972 2749 1004 2811 in
1020 2747 1123 2827 deum,
1145 2765 1200 2829 per

64 2867 160 2931 quam
180 2853 211 2914 et
234 2851 391 2934 apostolus
414 2855 503 2916 notat
524 2851 557 2915 in
580 2852 734 2935 sapientia
756 2852 806 2916 dei
828 2868 891 2916 non
910 2851 1092 2943 cognouisse
1108 2871 1199 2915 mun-

63 2954 140 3018 dum
172 2975 228 3038 per
261 2956 448 3039 sapientiam
482 2957 590 3037 deum,
624 2975 718 3039 quam
751 2957 858 3038 utique
888 2975 907 3020 a
938 2957 994 3020 deo
1028 2960 1198 3039 acceperat.

63 3059 145 3124 hanc
167 3049 271 3142 itaque
293 3061 437 3144 prodegit
458 3062 550 3144 longe
574 3079 592 3124 a
614 3061 739 3125 domino
766 3061 903 3125 moribus
925 3061 1025 3125 iactus
1047 3061 1129 3125 inter
1152 3081 1200 3125 er·
1225 3083 1251 3123 aa

62 3182 148 3228 rores
173 3168 203 3228 et
224 3165 397 3229 inlecebras
420 3169 452 3229 ct
472 3165 617 3230 libidines
641 3165 767 3246 saeculi,
791 3166 846 3230 ubi
859 3166 943 3229 farne
959 3167 1099 3230 ueritatis
1116 3183 1200 3230 com-

62 3268 174 3351 pulsus
197 3269 324 3334 tradidit
347 3289 380 3333 se
402 3269 536 3354 principi
557 3270 650 3334 huius
667 3269 744 3334 aeui.
780 3269 832 3334 ille
849 3289 921 3334 eum
936 3271 1084 3354 praefecit
1098 3271 1198 3354 porcis

63 3371 115 3456 (ut
136 3373 288 3438 familiare
310 3375 340 3438 id
360 3374 547 3440 daemonum
563 3393 658 3458 pecus
674 3373 839 3458 pasceret),
863 3373 916 3438 ubi
931 3375 1056 3438 necille
1072 3392 1198 3457 compos

169 3599 212 3668 16]
232 3599 576 3665 11.Μ11111.18,11.9,12.
595 3599 658 3654 Luc.
674 3601 714 3664 19,
729 3601 768 3655 lo.
787 3603 811 3664 5,
825 3602 866 3656 31.
938 3600 983 3669 23]
1005 3601 1017 3654 l
1037 3599 1095 3655 Cor.
1115 3601 1138 3665 1,
1156 3602 1197 3656 21.

109 3811 121 3864 1
142 3809 252 3879 resipuit
274 3809 303 3878 O,
321 3809 413 3879 resipit
431 3811 458 3864 Β
528 3825 582 3863 nou
604 3809 706 3864 moechi
728 3812 756 3864 et
777 3807 913 3863 fornicarii
935 3808 1118 3877 (fornicatores
1140 3811 1199 3879 epo)

61 3895 111 3950 sed
131 3895 280 3951 (1111111111
299 3897 415 3950 moechis
433 3899 459 3950 et
476 3895 653 3951 fornicatoriis
671 3899 699 3950 et
715 3899 743 3952 Β
805 3897 889 3953 3111
905 3895 1031 3967 parabola
1051 3896 1112 3951 Gel:
1129 3896 1198 3950 hanc

59 3982 215 4053 parabolam
233 3986 260 4039 Β
316 3984 476 4053 ‹timaginis
493 3986 605 4054 scripsi:
623 3984 707 4053 magis
725 3986 753 4039 Β
814 3983 959 4041 tunulum
976 3986 1038 4052 fort.
1058 3985 1199 4039 1111111111

61 4072 95 4127 11
110 4071 282 4125 atortoribus
299 4071 327 4139 O,
340 4070 447 4125 auribus
455 4073 491 4141 B,
504 4071 622 4125 moribus
635 4073 686 4128 Ura
734 4075 767 4128 13
779 4072 918 4144 conuenire
930 4072 993 4127 cer:
1004 4074 1032 4126 et
1042 4071 1161 4125 inuenire
1171 4073 1199 4125 B

60 4156 403 4213 181abatGe1:leuatB
474 4161 506 4214 19
529 4157 607 4211 deum
626 4161 667 4213 bis
688 4157 717 4226 0,
741 4158 878 4213 domInum
899 4161 940 4214 bis
957 4160 985 4212 Β
1045 4161 1078 4214 25
1098 4157 1199 4211 domiui

57 4244 164 4298 foribus
182 4246 325 4302 Horteb‘ua
394 4246 478 4300 iactus
501 4246 638 4302 Oeblerms:
656 4245 741 4300 factus
759 4248 787 4300 Β
856 4249 890 4301 26
908 4245 978 4299 fame
999 4247 1061 4316 Get:
1082 4245 1154 4299 fama
1170 4247 1198 4299 B

56 4336 96 4389 28
115 4335 147 4385 ut
166 4332 227 4389 Gal:
244 4333 273 4386 in
290 4334 317 4387 Β
369 4336 489 4402 pasceret
508 4333 571 4388 Gal:
588 4348 693 4402 pascere
712 4334 739 4387 Β
791 4332 835 4388 ille
858 4331 1030 4389 Ofoccoaa'oe:
1048 4332 1087 4386 illi
1105 4334 1132 4387 B
