2820 4914
541 388 572 441 X.
592 388 636 440 De
655 387 761 441 anima
778 389 820 442 lc.
1186 387 1247 450 377

108 565 311 650 sepulchrum
334 563 437 627 Aiacis
468 564 605 627 monitus
628 564 659 626 in
684 564 801 628 somnis
826 563 864 627 ab
887 564 954 646 ipso
976 565 1067 627 ruina
1088 563 1249 644 liberatur,

108 675 137 735 et
168 690 242 734 cum
263 669 405 752 lapidum
428 669 515 733 senia
538 668 674 751 deponit,
705 668 791 732 diues
815 669 885 733 inde
910 686 984 733 auro
1007 669 1095 732 redit.
1142 670 1251 751 quanti

108 779 214 840 autem
237 776 499 838 commentatores
523 776 554 836 et
576 772 782 846 affirmatores
805 773 839 836 in
861 773 942 837 hanc
963 775 1052 837 rem?
1096 771 1250 838 Artemon

106 879 271 962 Antiphon
302 877 403 943 Strato
434 877 637 942 Philochorus
667 877 873 962 Epicharmus
904 877 1052 961 Serapion
1083 877 1249 961 Cratippus

105 985 276 1068 Dionysius
304 983 421 1048 Radius
444 983 647 1065 Hermippus,
677 985 743 1046 tota
767 983 883 1047 saeculi
905 983 1089 1047 litteratura.
1137 984 1249 1064 solum,
1289 1009 1302 1048 e

105 1091 132 1155 si
163 1090 255 1170 torte,
285 1086 401 1168 ridebo,
432 1087 486 1169 qui
512 1105 550 1170 se
581 1087 771 1151 existimauit
797 1106 1030 1171 persuasurum,
1061 1088 1143 1170 quod
1165 1089 1250 1172 prior

104 1193 254 1260 omnibus
286 1191 436 1257 Saturnus
468 1191 646 1268 somniarit3
678 1192 739 1256 nisi
769 1193 795 1257 si
825 1196 857 1257 et
885 1193 969 1276 prior
998 1192 1142 1257 omnibus
1173 1193 1250 1256 uixit

102 1298 304 1364 Aristoteles.
343 1297 469 1380 ignosce
492 1296 613 1393 ridenti.
653 1300 793 1361 ceterum
816 1297 1020 1381 Epicharmus
1044 1298 1141 1362 etiam
1164 1316 1250 1362 sum-

103 1424 196 1468 mum
220 1405 339 1485 apicem
362 1403 443 1465 inter
467 1402 673 1466 diuinationes
698 1403 825 1467 somniis
849 1403 960 1467 extulit
979 1422 1050 1467 cum
1064 1403 1249 1467 Philochoro

102 1508 303 1573 Atheniensi.
348 1525 423 1570 narn
451 1508 482 1570 et
504 1507 635 1571 oraculis
659 1507 718 1571 hoc
740 1525 839 1590 genus
863 1509 996 1590 stipatus
1021 1511 1069 1571 est
1090 1507 1184 1588 orbis,
1215 1510 1251 1571 ut
1277 1534 1302 1572 10

103 1613 293 1696 Amphiarai
322 1612 404 1693 apud
436 1609 588 1695 Oropum,
618 1609 819 1695 Amphilochi
848 1613 931 1694 apud
957 1611 1106 1693 Mallum,
1139 1611 1252 1695 Sarpe-

105 1718 196 1782 donis
225 1717 258 1781 in
281 1703 412 1797 Troade,
436 1716 594 1799 Trophoni
623 1717 655 1780 in
678 1716 815 1798 Boeotia,
842 1716 945 1801 Mopsi
973 1717 1007 1780 in
1031 1716 1145 1798 Cilicia,
1169 1717 1250 1781 Her-

104 1823 232 1887 mionae
254 1821 288 1885 in
303 1820 498 1902 Macedonia,
520 1821 694 1905 Pasiphaae
716 1822 749 1885 in
765 1821 926 1886 Laconica.
965 1825 1067 1886 cetera
1090 1841 1161 1886 cum
1185 1822 1249 1886 suis

105 1931 138 1992 et
167 1925 338 2009 originibus
363 1928 394 1989 et
415 1925 528 1989 ritibus
553 1929 583 1990 11
604 1926 801 2007 relatoribus,
833 1945 905 1990 cum
928 1927 1013 1991 omni
1036 1926 1180 2010 deinceps
1203 1927 1250 1990 hi-

105 2032 203 2096 storia
233 2031 426 2095 somniorum
449 2031 640 2114 Hermippus
664 2031 845 2114 Berytensis
876 2031 1021 2113 quinione
1052 2031 1249 2096 uoluminum
1277 2056 1302 2096 1⁵

106 2135 311 2201 satiatissime
343 2134 509 2199 exhibebit.
556 2135 610 2199 sed
641 2138 673 2199 et
695 2134 790 2200 Stoici
820 2136 914 2200 deum
936 2132 1064 2201 'malunt
1085 2137 1251 2219 prouiden-

105 2241 264 2306 tissimum
297 2240 455 2315 humanae
485 2240 671 2304 institutioni
702 2241 783 2304 inter
814 2245 917 2305 cetera
947 2241 1100 2323 praesidia
1131 2242 1250 2306 diuina-

106 2347 221 2410 tricum
244 2345 358 2408 artium
382 2347 413 2408 et
436 2344 668 2426 disciplinarum
691 2346 811 2409 somnia
834 2363 955 2427 quoque
978 2344 1067 2410 nobis
1091 2345 1249 2426 indidisse,

105 2451 262 2534 peculiare
293 2449 443 2514 solacium
470 2450 621 2513 naturalis
645 2450 770 2514 oraculi.
816 2450 893 2513 haec
916 2454 1070 2531 quantum
1093 2451 1132 2513 ad
1155 2449 1249 2514 fidem

85 2551 325 2639 vsomniorum}
346 2572 364 2618 1
386 2552 475 2617 nobis
507 2571 627 2636 quoque
658 2554 903 2637 consignandam
931 2557 962 2618 et
985 2555 1076 2618 aliter
1098 2555 1249 2639 interpre·
1276 2579 1302 2618 20

107 2661 247 2726 tundam.
281 2677 356 2722 nam
379 2659 416 2721 de
440 2658 572 2722 oraculis
596 2659 691 2722 etiam
714 2659 835 2739 ceteris,
859 2659 941 2742 apud
965 2677 1043 2741 quae
1067 2677 1159 2723 nemo
1180 2660 1249 2723 dor·

106 2766 209 2844 mitat,
241 2763 316 2845 quid
347 2763 431 2827 aliud
453 2761 724 2846 pronuntiabimus
752 2781 847 2845 quam
870 2763 1085 2828 daemonicam
1109 2782 1178 2827 esse
1200 2782 1250 2828 ra-

104 2870 224 2934 tionem
262 2885 369 2931 eorum
403 2867 570 2951 spirituum
604 2868 657 2950 qui
690 2868 753 2932 iam
787 2871 862 2932 tunc
895 2869 927 2931 in
960 2868 1035 2950 ipsis
1069 2867 1249 2932 hominibus

104 2972 321 3039 habitauerint
342 2973 393 3036 uel
417 2973 583 3037 memorias
607 2991 715 3037 eorum
739 2972 955 3037 affectauerint
977 2973 1017 3036 ad
1039 2991 1165 3037 omnem
1181 2991 1249 3038 ma-

105 3078 194 3143 litiae
218 3095 292 3140 suae
315 3095 460 3141 scaenam
482 3079 515 3141 in
538 3077 598 3141 ista
614 3095 711 3160 aeque
728 3079 830 3161 specie
846 3078 1043 3142 diuinitatem
1058 3078 1248 3142 mentientes
1275 3103 1301 3141 2⁵

107 3183 279 3264 eademque
306 3182 459 3246 industria
483 3182 579 3246 etiam
602 3202 657 3265 per
679 3183 832 3248 beneficia
853 3183 998 3247 fallentes
1022 3183 1248 3248 medicinarum

108 3291 139 3351 11
169 3287 419 3351 admonitionum
450 3292 481 3350 11
502 3288 822 3368 praenuntiationum,
846 3306 905 3370 quo
928 3288 1030 3372 magis
1052 3288 1179 3352 laedant
1201 3288 1249 3351 iu-

107 3391 220 3471 uando,
252 3392 326 3454 dum
355 3410 411 3473 per
440 3410 477 3455 ea
499 3410 577 3473 quae
600 3393 711 3456 iuuant
733 3391 772 3455 ab
796 3393 996 3475 inquisitione
1019 3411 1112 3457 uerae
1136 3393 1249 3457 diuini-

108 3497 183 3561 tatis
213 3496 372 3560 abducunt
402 3514 436 3558 11
468 3496 677 3560 insinuatione
709 3497 828 3560 falsae?
874 3500 906 3561 et
928 3498 1034 3579 utique
1057 3517 1119 3562 non
1143 3499 1249 3562 clausa

152 3736 219 3793 lab
237 3737 295 3806 ipsa
313 3739 340 3792 Β
408 3736 505 3792 liberat
522 3739 550 3793 A
619 3741 682 3793 3et
700 3738 876 3794 affirmatores
895 3757 945 3795 om.
965 3742 993 3794 A
1063 3740 1203 3793 arthemon
1220 3742 1248 3795 A

108 3829 122 3881 5
142 3824 297 3894 dyoniesius
315 3841 347 3880 ea
366 3823 513 3878 dioniesius
524 3826 566 3893 A,
586 3827 613 3879 et
630 3825 775 3895 Dionysius
793 3828 821 3880 Β
887 3830 917 3882 11
937 3826 1008 3896 apud
1026 3827 1165 3895 Horopum
1183 3826 1247 3880 Am-

107 3911 206 3981 philoci
224 3913 260 3980 B,
283 3911 384 3980 apudor
402 3914 540 3981 optumam
562 3911 663 3982 philoci
684 3915 712 3967 A
785 3915 817 3969 12
839 3914 994 3983 throphonii
1012 3915 1040 3968 Β
1110 3913 1199 3967 boetia
1220 3916 1247 3968 A

107 3998 200 4054 calicia
227 4000 254 4053 A
334 4001 367 4054 13
392 3999 519 4069 pasiphae
546 4002 582 4068 B,
609 4000 720 4071 pasiphp
748 4001 774 4054 A
852 4003 885 4056 14
911 3999 1084 4054 relationibus
1113 4002 1248 4057 Senatores

108 4090 139 4143 15
159 4085 307 4154 berytensis
325 4088 361 4155 A,
379 4085 544 4140 Berithensis
562 4087 590 4140 Β
650 4089 682 4143 18
700 4086 777 4141 nobis
795 4089 830 4157 B,
849 4088 934 4156 magis
953 4089 1054 4157 ABmp
1106 4090 1140 4142 21)
1158 4087 1248 4141 taliter

106 4176 163 4244 Rip
227 4173 455 4242 interpretandam
476 4174 539 4229 co:
555 4174 785 4242 interpretandum
803 4176 858 4230 AB
916 4177 949 4229 22
967 4173 1201 4244 pronunciabimus
1220 4176 1247 4229 A

108 4259 308 4314 daemoniacam
326 4261 382 4330 Rip
444 4263 477 4316 24
495 4260 538 4313 uel
556 4262 592 4330 A,
611 4261 653 4314 uel
672 4261 706 4315 ad
725 4264 752 4316 B
805 4265 838 4318 25
857 4262 983 4332 specipA
1036 4265 1069 4316 27
1088 4263 1202 4316 alterum
1221 4264 1247 4314 et

107 4365 159 4403 om.
172 4347 200 4400 A
253 4346 470 4417 prenuntiatione
488 4347 515 4400 A
568 4362 634 4416 quae
654 4350 704 4404 Get
757 4351 790 4405 29
808 4348 1016 4402 insinuationem
1033 4350 1061 4402 A
