2820 4914
222 403 283 467 194
449 403 565 469 Quinti
584 404 721 473 Septimi
740 404 906 459 Florentis
925 405 1128 460 Tertulliani

217 583 266 642 est
289 580 435 643 mulieres
458 598 569 645 uocare
596 599 690 663 quam
713 581 862 662 feminae,
890 582 921 645 id
949 585 997 646 est
1023 585 1155 663 γυναῖκας
1185 601 1279 665 quam
1304 586 1402 668 θηη-

215 683 305 756 λείας.
351 684 445 767 igitur
473 686 499 748 si
528 703 583 768 pro
614 705 705 749 sexus
736 689 860 750 nomine
888 686 1075 751 uocabulum
1102 687 1189 751 istud
1214 689 1349 769 frequen·
1363 714 1402 757 ι

216 791 315 867 tatur,
350 789 431 870 quod
462 792 509 852 est
541 791 573 853 in
604 791 860 872 interpretatione
890 809 946 873 pro
977 809 1012 855 eo
1043 791 1126 873 quod
1155 795 1204 855 est
1230 792 1402 858 feminae

216 911 324 956 sexum
346 894 530 974 nominauit,
555 894 660 958 dicens
680 899 806 975 γυναῖκα.
845 896 876 959 in
897 899 1098 960 seruantem
1119 900 1151 960 et
1174 897 1263 980 uirgo
1285 915 1359 961 con
1377 935 1402 949 -

177 1024 189 1062 s
216 997 353 1080 tingitur.
401 999 456 1062 sed
488 1003 519 1062 et
548 1000 716 1063 manifesta
744 1001 956 1081 pronuntiatio
988 1004 1049 1064 est:
1084 1002 1219 1082 omnis,
1249 1002 1377 1083 inquit,

215 1102 350 1165 mulier
365 1103 524 1166 adorans
545 1107 581 1166 et
600 1105 830 1186 prophetans
851 1104 993 1168 intecto
1013 1105 1137 1188 capite
1159 1105 1359 1169 dedecorat

216 1209 327 1288 caput
362 1225 476 1269 suum.
531 1208 603 1289 quid
634 1212 682 1271 est
711 1209 812 1271 omnis
843 1209 969 1288 mulier,
1004 1209 1065 1272 nisi
1098 1209 1201 1273 omnis
1237 1209 1349 1289 aetatis,

214 1311 316 1374 omnis
345 1312 473 1391 ordinis,
504 1312 606 1375 omnis
634 1313 845 1376 condicionis?
898 1313 975 1376 nihil
1003 1313 1142 1377 mulieris
1172 1313 1285 1396 excipit
1310 1314 1344 1376 di·

214 1417 310 1479 oendo
332 1417 466 1496 omniS,
488 1417 568 1480 sicut
588 1435 646 1480 nec
665 1417 724 1480 uiri
744 1436 801 1480 neo
821 1418 960 1492 uelandi;
983 1417 1111 1500 perinde
1131 1418 1216 1481 enim
1239 1419 1346 1482 omnis

162 1545 186 1583 ιο
213 1520 271 1583 uir
298 1521 407 1601 inquit.
462 1521 543 1584 siout
574 1539 645 1605 ergo
676 1522 709 1584 in
740 1522 913 1585 masculino
945 1540 1019 1585 sexu
1050 1521 1108 1585 sub
1139 1522 1201 1585 uiri
1231 1522 1349 1586 nomine

214 1625 308 1687 etiam
338 1625 467 1688 inuestis
496 1626 592 1689 uelari
621 1628 760 1705 notatur,
788 1626 833 1688 ite
860 1629 891 1688 et
918 1626 950 1689 in
974 1625 1125 1689 feminino
1148 1626 1207 1689 sub
1231 1628 1351 1689 nomine

213 1729 352 1791 mulieris
374 1730 467 1793 etiam
489 1731 575 1812 uirgo
597 1731 694 1793 uelari
716 1730 849 1793 iubetur.
887 1731 1056 1812 aequaliter
1076 1731 1109 1793 in
1128 1733 1262 1812 utroque
1283 1750 1354 1794 sexu

212 1833 313 1897 minor
334 1838 420 1897 aetas
444 1835 570 1897 maioris
595 1838 743 1916 sequatur
763 1834 970 1916 disciplinam,
995 1838 1049 1898 aut
1073 1835 1217 1898 uelentur
1241 1839 1274 1899 et
1295 1837 1356 1898 uir-

212 1938 300 2018 gines
329 1939 475 2018 masculi,
504 1939 529 2002 si
556 1956 617 2002 non
642 1940 786 2003 uelantur
810 1942 842 2002 et
865 1939 1001 2022 uirgines
1025 1939 1175 2019 feminae,
1204 1939 1279 2020 quia
1301 1959 1357 2004 nec

162 2066 186 2105 rs
212 2041 265 2104 isti
290 2042 474 2106 nominatim
499 2046 660 2117 tenentum
688 2043 772 2106 eliud
796 2043 837 2106 sit
859 2043 907 2105 uir
930 2046 962 2106 et
984 2043 1127 2122 inuestis,
1151 2042 1177 2106 si
1200 2044 1288 2106 eliud
1310 2048 1360 2108 est

214 2147 326 2208 mulier
354 2151 384 2210 et
414 2148 511 2230 uirgo.
557 2167 670 2230 nempe
697 2151 823 2228 propter
850 2148 977 2230 angelos
1008 2147 1052 2210 ait
1078 2147 1175 2210 uelari
1203 2151 1358 2230 oportere,

212 2250 294 2331 quod
321 2252 424 2334 angeli
451 2254 577 2334 propter
603 2251 683 2315 filias
710 2252 871 2314 hominum
900 2251 1099 2315 desciuerunt
1122 2269 1140 2314 e
1163 2251 1230 2315 deo.
1289 2254 1359 2334 quis

213 2374 285 2438 ergo
307 2355 474 2419 contendat
494 2356 576 2419 solas
598 2356 755 2435 mulieres,
779 2356 880 2419 idest
899 2359 1012 2436 nuptas
1036 2355 1098 2418 iam
1121 2359 1153 2419 et
1173 2356 1360 2439 uirginitate

213 2459 389 2541 defunctas,
418 2462 686 2543 concupiscentiae
714 2480 796 2541 csse,
829 2461 889 2524 nisi
916 2461 941 2524 si
970 2479 1031 2525 non
1059 2461 1131 2524 lieet
1159 2464 1189 2524 et
1215 2463 1361 2546 uirgines

159 2589 184 2626 so
211 2566 312 2646 specie
342 2569 501 2647 praestare
533 2568 563 2628 et
590 2569 747 2629 amatores
775 2565 937 2628 inuenire?
982 2566 1078 2629 immo
1105 2565 1288 2647 uideamus
1321 2588 1361 2632 no

211 2669 347 2752 uirgines
371 2671 453 2733 solas
477 2671 702 2751 concupierint,
733 2688 803 2733 cunr
828 2670 909 2733 dicat
932 2669 1085 2751 scriptura
1111 2670 1212 2734 filias
1242 2669 1362 2736 homi-

211 2793 310 2854 num,
334 2775 406 2855 quia
428 2775 531 2856 potuit
553 2793 663 2839 uxores
687 2774 851 2838 hominum
874 2774 1054 2837 nominasse
1077 2775 1128 2837 uel
1147 2774 1287 2840 feminas
1311 2777 1362 2840 in·

211 2877 397 2942 differenter.
437 2880 531 2942 etiarn
555 2879 636 2961 quod
657 2879 715 2942 ait:
740 2882 776 2942 et
799 2881 1024 2960 acceperunt
1048 2877 1121 2942 sibi
1144 2878 1183 2941 in
1203 2897 1362 2962 uxores,

211 2999 245 3044 eo
270 2983 359 3062 facit,
387 2983 469 3063 qnod
493 2983 687 3064 accipiuntur
709 2983 740 3046 iu
764 3002 874 3047 uxores
903 3001 981 3064 quae
1006 2985 1121 3046 uacant
1143 2981 1274 3048 scilieet.
1324 2986 1363 3049 de

158 3111 183 3149 rs
211 3103 273 3149 non
301 3087 484 3150 necantibus
513 3091 617 3151 autern
646 3089 735 3151 aliter
764 3088 968 3152 enuntiasset.
1013 3087 1120 3169 itaque
1146 3093 1266 3153 uacant
1292 3093 1363 3154 tarn

211 3190 361 3254 uiduitate
385 3209 480 3272 quam
505 3195 536 3255 et
558 3192 749 3275 uirginitate.
789 3193 865 3256 edeo
886 3211 994 3256 sexum
1014 3192 1203 3256 nominando
1224 3213 1363 3276 genera·

212 3294 283 3357 liter
309 3294 400 3375 filies,
429 3299 460 3359 et
488 3296 606 3378 species
634 3297 666 3359 in
693 3316 805 3380 genere
830 3297 1031 3360 commiscuit.
1077 3296 1155 3360 item
1178 3314 1255 3361 cum
1284 3299 1362 3364 dioit

314 3484 342 3553 5]
363 3489 375 3539 l
397 3485 455 3539 Cor.
469 3488 493 3549 9,
506 3487 530 3539 4.
545 3489 569 3540 5.
623 3485 669 3554 23]
689 3485 754 3540 Gen.
769 3488 792 3550 6,
806 3489 829 3541 2.

255 3660 268 3712 l
288 3660 344 3711 tarn
361 3657 474 3711 feminas
488 3660 660 3714 Morotore'os
713 3662 837 3713 renarras
851 3661 880 3714 D
932 3662 1015 3715 uerba
1032 3660 1060 3714 id
1078 3664 1119 3714 est
1136 3661 1250 3730 γυναῖκας
1267 3670 1359 3721 trans-

206 3746 335 3815 ponendo
352 3746 481 3799 uideatur
493 3752 557 3814 post
570 3746 693 3799 mulieres
748 3748 897 3801 enaeracD
949 3747 1013 3803 3in
1025 3748 1124 3802 addidi
1169 3751 1359 3807 twuarnaD

210 3833 360 3885 continetur
387 3851 407 3886 rc
477 3832 658 3888 tdedecorat
675 3835 705 3888 D
775 3833 925 3889 Sordinas
944 3836 974 3889 D
996 3853 1064 3891 corr.
1136 3835 1303 3892 conditionis
1328 3842 1358 3894 D

210 3921 226 3973 9
249 3919 301 3971 uiri
319 3920 507 3974 Moratore'os:
530 3920 572 3971 uir
590 3922 619 3975 D
689 3920 798 3988 perinde
821 3923 934 3991 scripsi:
955 3922 1066 3990 proinde
1085 3924 1114 3976 D
1189 3925 1224 3979 lo
1243 3941 1309 3980 sexu
1327 3930 1358 3982 in

209 4023 262 4060 ras.
284 4007 313 4060 D
372 4009 401 4061 11
422 4005 506 4058 uelari
525 4009 633 4059 uetatur
651 4009 839 4063 Morotora'os:
857 4009 945 4062 uelare
964 4012 1085 4063 uertatur
1103 4011 1132 4064 D
1190 4013 1224 4067 15
1244 4015 1272 4066 et
1291 4015 1356 4069 add.

210 4094 382 4148 Morotorius
454 4096 485 4148 18
513 4093 669 4161 uirginitate
697 4096 836 4150 Oeirlcros:
863 4096 1022 4164 uirginitate
1046 4098 1083 4166 D,
1110 4097 1265 4164 uirginitati
1291 4103 1357 4156 Mo·

209 4183 329 4236 retortos
373 4184 403 4235 19
415 4180 593 4248 concupiscis
637 4182 802 4237 esseodde'de'
843 4185 877 4237 20
887 4181 1024 4236 uideamus
1037 4183 1358 4243 Oehlerus1uidemusD

209 4267 253 4335 ne]
268 4267 338 4334 quod
351 4269 589 4322 nonerotordes
637 4271 670 4323 24
683 4271 877 4325 uacatDcorr.
926 4271 959 4324 25
973 4271 1094 4337 utiqueor
1146 4273 1179 4326 27
1192 4271 1359 4332 filiasdele

209 4354 248 4422 et]
266 4354 294 4406 id
313 4358 353 4407 est
370 4357 433 4422 fort.
488 4354 564 4418 filias,
586 4355 636 4424 [et]
657 4357 755 4424 species
774 4358 952 4412 Democritius
