2828 4936
164 368 225 433 190
392 369 506 434 Quinti
526 368 663 436 Septimi
683 368 848 421 Florentis
867 368 1068 421 Tertulliani

160 546 355 627 paenulatos,
379 545 430 626 qui
451 548 514 607 tres
539 548 662 608 sanctos
685 545 717 607 in
740 544 863 608 fornace
883 544 1046 627 Babylonii
1069 546 1152 627 regis
1176 548 1292 607 orantes

160 669 231 712 cum
255 649 408 712 sarabaris
433 653 464 712 et
487 649 573 711 tiaris
598 649 661 712 suis
687 649 852 711 exaudiuit.

204 752 253 817 16.
278 754 360 817 Item
383 754 464 834 qnod
489 753 652 836 adsignata
676 753 814 817 oratione
836 753 993 816 assidendi
1013 771 1082 816 mos
1104 756 1152 816 est
1172 751 1292 834 quibus·

161 858 242 938 dam,
271 876 332 921 non
359 858 512 939 perspicio
540 859 702 937 rationem,
731 857 792 920 nisi
820 875 913 938 quam
939 857 1028 938 pueri
1055 857 1176 920 uolunt.
1228 856 1292 938 quid

122 985 133 1022 5
161 963 254 1042 eninr,
279 963 305 1025 si
327 962 462 1025 Hermas
485 963 547 1042 ille,
576 963 663 1025 cuius
688 962 842 1043 scriptura
869 962 933 1024 lere
958 963 1083 1044 ‘pastor'
1107 960 1291 1040 inscribitur,

160 1070 318 1130 transacta
346 1067 483 1131 oratione
511 1084 573 1130 non
602 1086 695 1148 super
723 1068 839 1130 lectum
868 1066 1048 1146 assedisset,
1077 1085 1190 1129 uerum
1218 1065 1290 1130 aliud

161 1171 234 1253 quid
257 1171 393 1251 fecisset,
417 1170 448 1233 id
472 1189 592 1253 quoque
617 1170 655 1235 ad
679 1170 931 1235 obseruationem
955 1171 1208 1234 uindicaremus?
1239 1170 1290 1232 uti·

160 1295 218 1357 que
249 1293 320 1339 non.
361 1275 542 1356 simpliciter
573 1276 656 1338 enirn
688 1279 718 1339 et
748 1294 831 1338 nnnc
858 1276 996 1357 positum
1024 1278 1081 1354 est,
1110 1293 1192 1337 cum
1220 1274 1290 1337 ado·

159 1398 300 1443 rossem
324 1383 359 1443 et
383 1379 608 1443 assedissem
633 1399 744 1462 super
771 1380 925 1459 lectum,
957 1379 996 1443 ad
1024 1378 1165 1442 ordinem
1193 1395 1289 1442 narra·

109 1511 133 1547 10
161 1484 263 1564 tionis,
295 1501 356 1547 uon
382 1484 420 1547 ad
447 1485 546 1547 instar
574 1484 762 1566 disciplinae.
810 1484 945 1564 alioquin
974 1501 1132 1564 nusquam
1160 1483 1219 1546 erit
1262 1481 1288 1543 d·

160 1588 326 1669 orandum,
365 1589 424 1651 nisi
458 1588 511 1652 ubi
546 1588 640 1652 fuerit
673 1589 780 1651 lectus.
827 1589 926 1650 immo
964 1591 1073 1651 contra
1112 1587 1286 1668 scripturam

159 1693 274 1773 lecerit,
306 1693 332 1756 si
356 1693 424 1774 quis
448 1693 479 1755 in
504 1693 651 1756 cathedra
674 1696 728 1755 aut
756 1693 904 1755 subsellio
936 1692 1058 1754 sederit.
1105 1709 1196 1774 porro
1226 1709 1285 1754 cunr

158 1797 285 1879 perinde
315 1797 433 1860 faciant
464 1798 604 1860 nationes
636 1797 770 1859 adoratis
802 1795 992 1879 sigillaribus
1025 1797 1089 1859 suis
1125 1795 1284 1872 residendo,

159 1902 209 1965 uel
239 1905 403 1984 propterea
430 1902 462 1964 in
491 1900 580 1965 nobis
608 1901 792 1982 reprehendi
819 1904 967 1980 meretur,
1000 1900 1081 1981 quod
1110 1900 1191 1982 apud
1217 1898 1283 1962 idola

108 2029 132 2066 15
159 2006 343 2070 celebratur.
391 2023 426 2069 eo
450 2006 614 2087 apponitur
638 2009 669 2068 et
690 2006 917 2068 inreuerentiae
941 2005 1070 2085 crimen,
1099 2005 1195 2068 etiam
1219 2002 1281 2085 ipsis

159 2111 348 2190 nationibus,
380 2111 406 2173 si
437 2111 509 2191 quid
542 2113 696 2191 saperent,
731 2109 985 2192 intellegendum.
1033 2109 1059 2171 si
1094 2108 1217 2190 quidem
1244 2107 1280 2168 in-

157 2234 304 2278 reuerens
329 2219 376 2278 est
397 2214 531 2278 assidere
553 2214 610 2277 sub
632 2218 797 2296 conspectu
818 2218 988 2295 contraque
1009 2217 1210 2295 conspectum
1229 2211 1279 2273 eius

158 2338 252 2400 quem
275 2338 347 2382 cum
371 2320 504 2383 manime
527 2320 697 2383 reuerearis
722 2337 757 2381 ac
779 2318 949 2398 uenereris,
974 2322 1090 2399 quanto
1114 2318 1213 2400 magis
1234 2312 1278 2377 sub

158 2428 326 2506 conspectu
347 2423 395 2486 dei
415 2424 480 2486 uiui
501 2424 611 2506 angelo
634 2424 734 2487 adhue
754 2423 903 2487 orationis
920 2422 1065 2486 adstante
1081 2422 1198 2486 factum
1213 2415 1278 2483 istud

106 2552 131 2589 20
158 2528 460 2610 inreligiosissimum
486 2530 555 2590 est?
594 2527 655 2590 nisi
679 2527 901 2609 exprobramus
926 2527 992 2607 deo,
1017 2527 1098 2607 quod
1122 2544 1178 2589 nos
1201 2521 1278 2588 orat'o

158 2632 347 2715 fatigauerit.

203 2735 251 2800 11.
277 2735 395 2818 Atquin
416 2755 487 2819 eum
504 2736 656 2799 modestia
673 2740 703 2800 et
719 2736 899 2799 humilitate
916 2735 1081 2799 adorantes
1098 2735 1197 2817 magis
1212 2747 1277 2796 con·

158 2841 375 2904 mandabimus
399 2841 456 2904 deo
479 2859 587 2923 preces
611 2844 732 2903 nostras
754 2860 793 2903 ne
813 2840 889 2922 ipsis
910 2839 1037 2921 quidem
1058 2839 1202 2902 manibus
1220 2831 1276 2899 sub-

157 2946 262 3010 limius
287 2945 386 3025 elatis,
411 2946 464 3008 sed
488 2948 660 3026 temperate
684 2962 719 3006 ao
741 2944 837 3027 probe
861 2944 959 3023 elatis
991 2963 1030 3006 ne
1053 2945 1145 3007 uultu
1172 2939 1276 3024 quiden

106 3075 130 3112 es
158 3050 190 3113 in
214 3049 376 3113 audaciam
400 3053 511 3112 erecto.
557 3067 631 3112 nam
655 3052 686 3112 et
708 3049 760 3111 ille
783 3048 980 3131 publicanus
1009 3049 1061 3129 qui
1088 3066 1151 3111 non
1173 3047 1276 3111 tantum

157 3173 258 3237 prece,
290 3155 343 3216 sed
375 3157 405 3217 et
434 3155 525 3217 uultu
555 3153 739 3216 humiliatus
768 3157 861 3234 atque
889 3152 1027 3216 deiectus
1058 3152 1176 3232 orabat,
1206 3142 1276 3212 iusti·

157 3258 276 3322 ficatior
298 3258 465 3321 Pharisaeo
486 3255 489 3342 1
510 3258 730 3339 procacissimo
761 3257 912 3319 discessit.
960 3274 1052 3319 sonos
1084 3256 1180 3319 etiam
1207 3241 1324 3314 uocisf·ll

261 3405 288 3474 8]
308 3405 398 3457 Herm.
413 3408 480 3472 past.
495 3404 548 3457 Vis.
564 3408 586 3468 5,
602 3407 623 3458 1.

202 3535 377 3604 lpenulatos
401 3536 458 3588 AD
528 3533 667 3601 babylonis
691 3535 721 3587 D
794 3532 969 3587 ‘lsarabaris
995 3533 1058 3586 Get:
1085 3532 1185 3585 sabaris
1210 3519 1278 3584 ABD

158 3623 242 3676 tiariis
261 3624 298 3689 D,
317 3622 400 3690 tyaris
418 3623 473 3674 AB
535 3624 551 3674 3
575 3620 622 3672 DE
644 3618 848 3672 ASSIDENDO
870 3619 958 3673 Post*
982 3618 1194 3672 ORATIONEM
1210 3607 1279 3671 ABD

158 3711 292 3778 assignata
320 3710 349 3762 D
419 3707 572 3776 lperspici
596 3707 742 3760 orationem
770 3708 828 3761 BD
892 3722 973 3774 quam
1000 3706 1076 3775 pueri
1103 3705 1205 3759 uolunt.
1229 3691 1280 3768 quid

158 3797 227 3850 enirn
247 3815 297 3852 om.
316 3797 371 3849 AB
425 3794 584 3849 asedissem
604 3796 634 3848 D
688 3796 720 3848 10
739 3810 786 3846 nos
805 3795 835 3847 D
898 3795 930 3847 13
948 3792 1059 3861 proinde
1080 3794 1109 3847 D
1173 3791 1214 3845 uel
1230 3786 1280 3841 ado·

157 3883 223 3938 ratis
241 3885 340 3951 ABD,·
358 3882 463 3936 ueldel.
480 3882 529 3935 Get
583 3885 615 3936 14
635 3880 795 3949 deprehendi
813 3882 843 3934 D
897 3883 929 3935 16
943 3882 1089 3949 saperetD
1144 3883 1176 3936 18
1189 3873 1281 3936 111111

158 3987 237 4039 quam
256 3972 291 4038 A,
310 3988 360 4024 om.
374 3970 404 4022 D
475 3971 507 4022 19
526 3968 639 4021 orationi
658 3969 714 4022 Iota
784 3969 888 4020 astante
907 3969 936 4021 D
1006 3969 1039 4022 22
1063 3967 1111 4020 DE
1135 3956 1283 4020 MANIBVS

157 4057 283 4111 ELATIS
303 4057 388 4110 ABD
450 4054 695 4107 commendabimus
719 4055 858 4110 Oebderus:
876 4054 1124 4107 commendauimus
1142 4055 1208 4119 AD,
1225 4067 1284 4107 eom·

158 4145 315 4198 rneudamus
337 4144 364 4196 B
435 4143 468 4196 23
491 4158 582 4211 preces
601 4143 628 4195 A
650 4144 690 4197 sic
707 4160 809 4211 semper
879 4143 913 4196 24
931 4144 1013 4210 prius
1031 4141 1108 4194 elatis
1132 4143 1216 4196 deleri
1237 4140 1287 4194 uod

158 4235 213 4286 Ioco
267 4230 350 4283 elatis
374 4228 422 4281 DE
445 4228 563 4281 VVLTV
588 4246 620 4281 ne
643 4229 721 4282 uultu
741 4231 826 4283 ABD
896 4231 929 4283 25
952 4231 1024 4281 recto
1049 4231 1079 4283 D
1150 4232 1178 4282 et
1200 4228 1289 4284 ocal)

159 4323 191 4376 26
213 4317 323 4370 humilis
343 4318 372 4370 D
425 4317 458 4370 27
479 4315 607 4370 discessit.
627 4316 674 4369 DE
694 4315 788 4369 SONO
806 4314 909 4370 VOCIS
927 4316 1013 4372 ABD
1066 4330 1130 4369 sono
1149 4316 1180 4373 D
