2820 4914
212 363 272 430 138
440 364 553 431 Quinti
571 363 709 434 Septimi
727 363 893 418 Florentia
912 361 1118 418 Tertulliani

209 544 308 605 tatem
331 541 410 626 odii,
431 541 643 624 inportunum.
690 539 827 606 Satanan
854 539 986 622 denique
1009 540 1042 603 in
1070 540 1155 604 omni
1184 539 1354 603 uenatione

153 666 154 673 ¹
208 648 239 708 et
261 646 494 729 aspernatione
518 649 549 709 et
570 645 775 709 detestatione
795 644 991 727 pronuntias,
1014 663 1110 726 quem
1132 661 1190 707 nos
1216 643 1352 708 dicimus

208 750 347 813 malitiae
370 750 526 832 angelum,
549 749 646 813 totius
670 750 780 813 erroris
803 747 965 829 artificem,
989 748 1085 813 totius
1109 749 1227 812 saeculi
1250 748 1350 812 inter·

207 855 393 937 polatorem,
427 873 482 936 per
513 872 606 936 quem
636 854 729 917 homo
759 872 778 918 a
808 853 995 938 p,ri,mordio
1029 853 1282 933 eneumuentus,
1317 858 1352 917 ut

93 946 108 1025 s
168 987 180 1026 ⁵
206 963 410 1042 praeceptum
437 958 486 1021 dei
509 959 679 1039 excederet,
710 962 741 1022 et
763 961 935 1042 propterea
956 958 998 1042 in,
1023 960 1155 1021 mortem
1180 958 1276 1021 datus
1301 977 1351 1021 ex-

206 1064 278 1127 inde
298 1067 402 1127 totum
421 1080 520 1146 genus
541 1063 578 1126 de
600 1080 655 1126 suo
676 1063 794 1126 semine
814 1062 967 1125 infectum
986 1079 1081 1146 ,suaa
1100 1061 1198 1125 otiam
1217 1061 1350 1126 damna-

206 1168 298 1232 tionis
321 1167 482 1231 traducem
504 1167 586 1230 fecit.
629 1167 726 1230 sentis
749 1167 843 1250 igitur
862 1166 1060 1250 perditorem
1082 1169 1192 1250 tuum„
1219 1169 1254 1229 et
1277 1167 1351 1230 licet

206 1273 262 1337 soli
285 1273 374 1337 illum
397 1271 543 1335 uouerint
566 1270 735 1335 Christiani
758 1272 808 1376 pel
831 1288 1046 1352 quaecumque
1070 1269 1152 1352 apud
1175 1270 1349 1356 dominum

205 1381 309 1462 secta„
333 1380 365 1440 et
387 1379 421 1439 tu
445 1380 550 1440 tamen
575 1394 646 1439 eum
669 1376 761 1456 nosti,
785 1377 859 1439 dum
883 1375 984 1438 odisti.

154 1510 179 1548 10
247 1480 278 1544 4.
294 1482 363 1545 Iam
379 1499 462 1544 nunc
478 1481 559 1563 quod
576 1481 614 1544 ad
630 1481 887 1565 necessariorem
904 1480 1092 1543 senteutiam
1108 1483 1197 1543 tuam
1212 1484 1349 1562 spectet,

205 1590 358 1669 quantum
390 1588 420 1649 et
451 1585 489 1648 ad
519 1586 622 1668 ipsum
650 1588 777 1669 statum
805 1588 904 1669 tuum,
931 1584 1046 1664 tendit,
1077 1583 1283 1648 adfirmamus
1315 1589 1349 1649 te

204 1708 330 1753 manere
360 1693 432 1773 post
461 1690 544 1753 uitae
574 1689 832 1773 dispunctionem
864 1692 905 1773 et,
932 1691 1092 1771 expectare
1122 1688 1205 1752 diem
1237 1689 1349 1753 iudicii

203 1812 320 1877 proque
343 1792 463 1858 meritis
487 1798 540 1857 aut
564 1794 721 1879 cruciatui
746 1793 904 1878 destinari
931 1796 986 1856 aut
1012 1792 1182 1876 refrigerio,
1210 1796 1348 1875 utroque

203 1899 392 1980 sempiterno
403 1883 415 1973 ;¹
445 1899 556 1980 quihus
591 1898 799 1982 sustinendis,
830 1899 1004 1961 necessario
1037 1896 1095 1961 tihi
1130 1897 1346 1963 substantiam

152 2029 176 2070 15
202 2003 366 2085 pristinam
390 2002 590 2084 eiusdemque
613 2001 757 2086 hominis
780 2002 954 2088 materiam
977 2005 1008 2066 et
1030 2002 1215 2066 memoriam
1238 2020 1347 2066 reuer-

203 2125 319 2187 suram,
347 2107 430 2189 quod
458 2110 487 2170 et
510 2107 589 2170 nihil
616 2107 691 2170 mali
714 2125 750 2170 ac
773 2106 854 2192 honi
878 2106 1003 2190 sentire,
1024 2107 1125 2188 possis
1149 2107 1216 2171 sine
1241 2107 1346 2171 earnis

201 2211 385 2294 passionalis
409 2212 568 2291 facultate,
597 2214 628 2274 et
656 2211 742 2275 nulla
767 2211 856 2295 ratio
880 2211 921 2274 sit
942 2210 1056 2295 iudi,oii
1079 2211 1145 2274 sine
1167 2210 1268 2292 ipsius
1292 2230 1345 2274 ex-

201 2315 349 2380 hibitione
373 2316 427 2398 qui
449 2316 564 2379 meruit
586 2316 692 2379 iudicii
714 2315 911 2399 passionem.
962 2333 1008 2400 ea,
1034 2315 1138 2398 opinio
1162 2313 1344 2380 Christiana

201 2421 258 2485 etsi
279 2421 435 2484 honestior
455 2421 553 2484 multo
569 2419 778 2503 Pythagorica
795 2438 885 2504 ,quae
906 2424 937 2484 te
957 2437 1029 2504 non,
1047 2419 1080 2484 in
1100 2418 1218 2484 bestias
1239 2423 1343 2484 trans·

148 2554 176 2593 20¹
200 2525 276 2605 fert,
305 2525 363 2589 etsi
389 2525 509 2607 plenior
533 2524 708 2604 Platonica,
736 2542 814 2607 qnae
840 2524 910 2608 ,noi
937 2524 1033 2588 etiam
1061 2524 1177 2608 dotem
1204 2525 1342 2608 eorporis

199 2630 314 2709 reddit,
348 2629 406 2693 etsi
432 2629 585 2712 Epicurea
614 2629 752 2712 grauior,
783 2647 862 2710 quae
892 2633 932 2713 ,te
961 2629 999 2692 ah
1027 2629 1163 2713 interitu
1191 2629 1340 2709 defendit,

199 2737 306 2798 tamen
326 2736 451 2817 propter
471 2752 563 2797 suum
583 2751 698 2797 nomen
721 2733 779 2797 soli
801 2733 933 2797 uanitati
956 2737 988 2805 et
1009 2733 1139 2818 ,stupori
1161 2736 1211 2817 et„
1235 2736 1269 2796 ut
1294 2733 1341 2797 di-

199 2839 287 2919 eitur,
310 2839 556 2922 praesumptioni
579 2838 754 2919 deputatur.
794 2838 933 2902 sednon
957 2837 1198 2922 erubescimus„
1220 2836 1224 2918 Ι
1245 2837 1272 2901 si
1296 2842 1343 2902 te·
1360 2844 1406 2898 tle

199 2961 270 3006 cum
294 2943 353 3006 erit
375 2945 483 3007 nostra
507 2941 728 3025 praesumptio.
774 2942 874 3025 primo
903 2942 998 3023 enim,
1026 2960 1097 3005 cum
1126 2943 1257 3007 alicuius
1287 2943 1341 3006 de-

146 3074 171 3114 11
198 3047 296 3111 functi
312 3046 492 3127 recordaris,
517 3047 705 3111 misellum
721 3064 814 3111 uocas
832 3065 913 3127 eum,
937 3065 999 3111 non
1014 3047 1122 3128 utique
1142 3049 1179 3110 ut
1198 3046 1237 3110 de
1256 3047 1340 3112 bono

198 3152 282 3215 uitae
305 3156 458 3234 ereptum,
486 3151 540 3215 sed
562 3154 603 3215 ut‘
618 3169 737 3235 poenae
761 3154 792 3214 et
814 3151 928 3215 iudicio
951 3151 1015 3215 iam
1038 3151 1241 3234 adscriptum.
1289 3171 1340 3216 ce-

196 3260 299 3320 terum
315 3255 392 3320 alias
414 3274 564 3319 securos
576 3273 673 3343 ¹uocas
690 3255 861 3319 defunctos.
899 3254 1053 3338 profiteris
1070 3258 1103 3319 et
1116 3255 1201 3319 uitae
1216 3255 1338 3321 incom-

197 3362 324 3425 modum
345 3363 377 3424 et
396 3360 505 3424 mortis
527 3359 742 3445 ,heneficium
781 3378 874 3423 uocas
893 3377 983 3442 porro
1004 3376 1139 3440 securos,
1164 3359 1191 3423 si
1213 3361 1338 3441 quando

196 3468 282 3529 entra
308 3469 431 3548 portam
459 3483 530 3528 curn
559 3465 712 3550 obsoniis,
739 3468 770 3528 et
797 3464 924 3528 matteis
952 3464 1009 3528 tibi
1035 3464 1137 3547 potius
1165 3469 1338 3546 parentans

144 3597 169 3636 eo
195 3570 235 3634 ad
257 3569 352 3634 busta
373 3569 492 3633 recedis
516 3573 570 3633 aut
591 3589 621 3654 ,a
642 3569 743 3633 bustis
767 3569 900 3653 dilutior
922 3569 1014 3633 redis.
1060 3571 1093 3633 at
1116 3586 1173 3652 ego
1199 3569 1337 3634 sobriam

240 3767 327 3824 lodii
345 3770 504 3836 oportunam
522 3770 557 3835 B,
576 3768 644 3822 odiis
663 3776 824 3837 oportunum
842 3770 899 3824 Iaso
960 3767 1159 3823 iaueraatione
1177 3768 1251 3839 Bmp
1311 3773 1337 3824 et

195 3855 371 3909 detestatione
389 3873 439 3911 om.
459 3856 486 3908 A
539 3858 555 3910 8
574 3859 706 3909 uouerunt
724 3857 751 3909 A
770 3873 837 3912 corr.
892 3854 972 3924 apud]
993 3853 1064 3923 capit
1082 3855 1145 3923 Iao,
1164 3855 1235 3958 sppit
1258 3855 1336 3914 (Jo'oc

194 3971 289 4026 conius
343 3971 375 4022 10
394 3967 600 4021 necessariorum
619 3970 675 4023 Iera
733 3971 763 4024 ll
783 3968 812 4021 in
831 3971 961 4035 quantum
980 3969 1036 4022 Iaa
1090 3969 1121 4023 19
1140 3967 1290 4037 pitagcriea
1308 3971 1335 4025 A

194 4059 226 4111 21
246 4056 352 4125 epicura
370 4054 508 4123 eagranior
526 4056 553 4109 A
622 4055 723 4123 gratior
741 4057 813 4125 Boap
876 4058 909 4110 22
927 4059 1036 4124 propter
1053 4070 1151 4108 nomen
1172 4055 1260 4109 solum
1279 4059 1338 4113 Lot

193 4145 227 4198 23
245 4142 473 4212 praesumpstioni
491 4144 518 4196 A
580 4145 613 4197 25
632 4158 685 4195 non
704 4142 796 4210 utique
814 4145 845 4196 ut
862 4145 974 4212 scripsi:
997 4158 1050 4196 non
1068 4142 1161 4210 utique
1179 4143 1250 4211 qnod
1271 4145 1337 4212 AB,

192 4246 246 4283 non
269 4228 309 4282 uti
331 4229 388 4284 Lot
449 4231 483 4284 26
502 4229 639 4298 dereptum
662 4230 719 4284 Lat
781 4245 863 4298 poene
886 4231 913 4284 A
966 4228 1062 4283 iuditio
1079 4231 1108 4284 A
1161 4231 1195 4285 27
1217 4246 1291 4286 seros
1309 4234 1337 4287 A

194 4319 227 4372 28
245 4315 350 4384 quando
369 4316 396 4370 A
458 4318 491 4371 29
510 4316 632 4370 mattaeis
651 4318 686 4385 B,
705 4316 814 4384 mattyis
833 4316 889 4371 Ion
942 4318 975 4371 30
993 4315 1105 4384 recedis]
1124 4315 1196 4370 cedis
1214 4318 1335 4388 Lipsius
