2820 4914
503 375 535 428 X.
555 376 598 428 De
617 375 723 428 anima
741 377 852 430 55-56.
1184 370 1246 435 389

107 552 163 615 111
184 552 360 631 occumbas,
384 556 420 615 ut
435 553 609 634 paracletus
625 554 740 630 monet,
764 551 872 614 nonin
889 549 1034 613 mollibus
1059 548 1199 613 febribus
1217 551 1247 612 et

107 655 138 717 in
161 656 295 735 lectulis,
319 658 372 719 scd
396 657 428 720 in
452 656 620 738 martyriis,
644 656 670 720 si
693 640 817 719 crucem
840 658 927 719 tuam
950 655 1042 717 tollas
1060 657 1090 716 et
1106 654 1246 734 sequaris

109 760 277 841 dominum,
302 764 336 823 ut
358 762 424 842 ipse
447 761 613 843 praecepit.
659 764 723 824 tota
743 760 999 842 paradisiclauis
1022 763 1095 822 tuus
1120 759 1246 841 sanguis

109 869 163 928 est.
211 865 307 929 habes
332 866 425 928 etiam
450 866 487 928 de
510 866 654 949 paradiso
678 864 807 929 anobis
830 864 984 945 libellum,
1015 882 1075 945 quo
1100 864 1246 927 constitui

109 989 177 1033 mus
202 989 327 1035 omnem
350 971 487 1033 animam
512 970 593 1052 apud
615 970 730 1034 inferos
755 970 941 1050 sequestrari
963 971 995 1031 in
1012 969 1095 1031 diem
1118 968 1245 1031 domini.
1287 993 1299 1032 5

148 1073 202 1137 56.
227 1073 366 1138 Occurrit
395 1075 588 1157 disceptatio,
622 1092 660 1137 an
683 1075 742 1138 hoc
766 1074 804 1137 ab
830 1092 956 1136 excessu
981 1074 1088 1137 statim
1111 1071 1175 1152 fiat,
1207 1091 1246 1135 an

107 1180 260 1260 quasdam
291 1180 410 1242 animas
442 1179 545 1260 aliqua
576 1179 655 1244 ratio
687 1180 824 1243 detineat
853 1179 903 1242 hic
933 1178 1060 1242 interim
1089 1196 1128 1241 an
1152 1178 1246 1240 etiam

104 1287 247 1366 receptas
270 1285 362 1348 liceat
384 1287 491 1366 postea
514 1285 552 1348 ab
576 1284 683 1348 inferis
708 1303 743 1346 er
767 1283 892 1347 arbitrio
916 1284 968 1347 uel
992 1302 1027 1345 er
1049 1283 1179 1364 imperio
1200 1283 1247 1346 in-

104 1389 272 1452 teruenire.
311 1407 368 1452 neo
391 1389 504 1452 harum
528 1390 612 1452 enim
635 1389 815 1471 opinionum
839 1389 995 1452 suasoriae
1019 1388 1140 1451 desunt.
1180 1405 1246 1450 cre·

104 1494 208 1557 ditum
239 1497 287 1557 est
317 1493 490 1575 insepultos
521 1512 583 1557 non
614 1497 685 1557 ante
718 1494 756 1556 ad
786 1493 901 1556 inferos
925 1493 1021 1575 redigi
1046 1511 1140 1574 quarn
1162 1493 1246 1556 iusta
1274 1517 1300 1554 ιο

103 1598 310 1680 perceperint,
335 1598 507 1660 secundum
522 1599 724 1661 Homericum
739 1597 920 1661 Patroclum
944 1597 1038 1660 funus
1062 1598 1094 1660 in
1118 1598 1246 1661 somniis

105 1704 144 1766 de
168 1701 291 1766 Achille
321 1702 528 1785 flagitantem,
560 1703 641 1785 quod
671 1720 732 1765 non
764 1702 841 1766 alias
874 1702 957 1765 adire
983 1705 1089 1783 portas
1111 1702 1247 1765 inferum

104 1811 213 1889 posset
244 1807 422 1871 arcentibus
452 1826 523 1871 oum
546 1809 637 1889 longe
661 1806 826 1870 animabus
851 1808 1054 1889 sepultorum.
1101 1808 1246 1870 nouimus

105 1915 213 1976 autem
243 1915 366 1994 praeter
395 1913 534 1994 poeticae
565 1913 633 1975 iura
654 1913 779 1994 pietatis
803 1930 925 1993 quoque
947 1911 1134 1975 Homericae
1156 1912 1247 1975 indu-

105 2017 225 2086 striam.
265 2019 353 2079 tanto
376 2017 477 2100 magis
501 2017 586 2080 euim
610 2035 716 2080 curam
740 2017 918 2099 sepulturae
935 2016 1107 2097 oollooauit,
1132 2020 1247 2099 quanto
1276 2039 1300 2080 15

106 2122 203 2184 etiam
226 2139 347 2184 moram
372 2121 436 2184 eius
460 2122 641 2184 iniuriosam
666 2121 831 2184 animabus
855 2121 1020 2202 incusauit‚
1044 2121 1138 2184 simul
1162 2124 1247 2185 etue

105 2225 176 2306 quis
207 2225 388 2288 defunctum
417 2226 500 2289 domi
532 2226 675 2292 detinens
706 2226 773 2308 ipse
805 2226 939 2308 amplius
970 2244 1042 2289 cum
1068 2226 1121 2289 illo
1145 2244 1249 2289 mace-

105 2334 192 2394 retur
224 2330 408 2394 enormitate
440 2331 547 2393 solacii
578 2331 682 2395 dolore
709 2332 835 2395 nutrito.
881 2333 926 2395 ita
948 2331 1102 2412 querellas
1126 2332 1248 2394 animae

105 2435 281 2516 insepultae
305 2435 343 2497 ad
366 2439 533 2516 utrumque
557 2435 713 2514 confinxit,
738 2440 773 2500 ut
795 2437 946 2499 instantia
967 2436 1084 2499 funeris
1102 2439 1132 2498 et
1147 2436 1246 2499 honor

106 2558 271 2621 corporum
294 2543 436 2602 seruetur
460 2543 490 2602 et
513 2541 664 2627 memoria
687 2539 855 2603 affectuum
872 2543 1073 2622 temperetur.
1109 2544 1247 2604 ceterum
1275 2563 1302 2601 1ο

107 2662 201 2725 quam
224 2662 351 2723 uanum,
380 2647 415 2706 ut
438 2644 543 2706 anima
567 2645 701 2726 corporis
725 2646 808 2707 iusta
832 2646 994 2724 sustineat,
1019 2646 1108 2726 quasi
1132 2645 1249 2726 aliquid

107 2768 143 2811 er
174 2748 235 2811 illis
267 2749 306 2811 ad
336 2749 452 2812 inferos
483 2749 618 2812 auehat?
664 2749 763 2812 multo
787 2749 909 2829 uanius·
934 2751 960 2812 si
983 2749 1096 2813 iniuria
1119 2749 1249 2831 deputa-

105 2853 191 2915 bitur
226 2853 348 2916 animae
384 2854 516 2916 cessatio
547 2855 739 2935 sepulturae,
775 2870 877 2934 quam.
902 2871 958 2935 pro
992 2854 1093 2936 gratia
1122 2853 1249 2918 deberet

107 2957 263 3038 amplecti.
299 2958 406 3038 utique
430 2959 513 3020 enim
538 2958 655 3020 tardius
680 2958 718 3021 ad
741 2958 855 3021 inferos
880 2958 1018 3021 abstrahi
1040 2959 1145 3038 malet,
1171 2977 1249 3039 quae

107 3079 164 3124 nec
194 3062 273 3125 mori
304 3062 413 3125 uoluit.
459 3061 579 3125 amabit
609 3063 741 3145 impium
767 3063 924 3142 heredem,
954 3083 1009 3144 per
1033 3081 1126 3143 quem
1149 3064 1249 3127 adhuc
1275 3087 1301 3125 25

106 3165 245 3248 pascitur
274 3166 352 3229 luce.
400 3169 454 3230 aut
485 3167 512 3228 si
543 3185 603 3247 qua
632 3185 687 3247 pro
719 3171 801 3230 certo
832 3167 946 3230 iniuria
976 3171 1024 3231 est
1049 3168 1166 3231 tardius
1191 3168 1248 3231 sub

70 3273 225 3332 1311111111
248 3271 379 3350 detrudi,
403 3271 513 3333 titulus
538 3275 643 3335 autem
666 3272 795 3334 iniuriae
816 3270 820 3347 l
841 3272 972 3335 cessatio
994 3276 1041 3336 est
1061 3268 1248 3355 sepulturae,

105 3392 256 3456 perquam
286 3375 429 3456 iniquum
462 3393 532 3438 earn
554 3375 667 3439 iniuria
690 3376 782 3456 affici,
814 3377 864 3438 cui
886 3394 967 3460 uopnj
988 3378 1160 3458 imputatur
1183 3396 1250 3440 ces-

107 3479 186 3542 satio
218 3480 395 3560 sepulturae
427 3480 465 3542 ad
495 3481 651 3561 proximos
680 3480 799 3544 scilicet
821 3481 991 3561 pertinens,
1039 3482 1126 3545 aiunt
1149 3485 1179 3544 et
1201 3482 1249 3545 in-

211 3608 238 3676 1]
259 3606 511 3673 caruaninse.
569 3609 612 3678 11]
632 3607 664 3662 cf.
678 3608 757 3662 Hom.
771 3608 802 3661 11.
816 3608 909 3662 xxrrr
929 3612 960 3664 11
975 3625 1029 3678 sqq.

152 3720 369 3788 lparaclitusA
423 3720 616 3790 3paradysiA
670 3722 820 3777 lhabetA
874 3722 957 3777 oAN
977 3721 1250 3778 COMMORENTVR

105 3806 169 3860 HIC
191 3807 332 3861 ANIMAE
355 3807 444 3863 POST
467 3807 619 3863 MORTEM
641 3809 709 3862 VEL
733 3809 780 3862 AB
803 3809 948 3863 INFERIS
977 3809 1174 3866 COMMEENT
1201 3814 1250 3868 Gal

107 3896 259 3950 bsuasoria
279 3897 344 3951 Scal
408 3891 440 3951 lo
458 3895 605 3964 insepultos
624 3898 651 3951 B
714 3898 929 3952 11111111111111
987 3897 1069 3952 radici
1087 3901 1114 3952 A
1133 3918 1199 3955 1111.
1218 3906 1250 3954 ut

106 3983 336 4038 baderbrunnam
409 3986 439 4038 11
460 3983 559 4036 somnis
581 3984 631 4038 Gal
703 3986 734 4038 13
758 3984 911 4051 urgentibus
934 3985 961 4038 A
1034 3988 1066 4040 14
1088 3985 1190 4056 poetice
1214 3989 1249 4054 A,

105 4069 210 4137 poetica
228 4070 255 4122 B
319 4072 350 4124 18
369 4070 471 4122 nutrito
489 4071 601 4138 scripsi:
620 4071 715 4123 nutriti
733 4071 788 4124 AB
847 4070 965 4138 querelas
984 4073 1011 4124 B
1069 4074 1102 4126 20
1121 4073 1250 4135 memoria

105 4157 214 4225 Aqu,
234 4172 337 4209 moeror
356 4158 382 4210 B
444 4155 634 4211 1411111111
688 4160 720 4212 28
739 4173 769 4209 11
787 4157 913 4209 iniuriam
932 4158 959 4210 B
1016 4158 1167 4226 imputatur
1187 4159 1250 4213 Gal:

105 4241 283 4309 imputabitur
301 4243 355 4296 AB
425 4245 458 4298 29
477 4242 527 4296 AN
546 4242 792 4298 DEMORENTVR
810 4243 873 4298 HIC
891 4243 1032 4297 ANIMAIl
1051 4244 1139 4298 POST
1157 4243 1247 4299 MOR-

106 4327 186 4380 ΤΕΜ.
206 4327 291 4381 Aiunt
309 4330 364 4382 AB
