2820 4914
227 387 291 450 292
458 386 572 452 Quinti
586 387 729 455 ,Septimi
749 387 915 441 Florentia
935 386 1136 441 Tertulliani

229 564 320 628 modo
350 565 381 626 in
414 563 503 627 nobis
532 563 634 645 ipsam
657 581 779 645 quoque
803 564 955 628 unitatem
979 563 1211 627 ieiunationum
1236 565 1270 626 et
1291 581 1376 626 raro-

228 669 414 751 phagiarum
438 672 470 731 et
493 669 664 731 stationum
692 668 867 731 denotatis?
902 668 963 732 uisi
988 668 1065 732 forte
1088 668 1121 730 in
1146 672 1281 732 senatus
1305 685 1376 731 con·

228 773 310 836 sulta
333 777 363 836 et
383 774 413 836 in
430 772 605 854 principum
626 772 775 835 mandata
791 771 974 836 coitionibus
991 772 1133 855 opposita
1149 771 1375 852 delinquimus,

228 878 355 960 spiritus
379 881 516 956 sanctus,
541 895 613 939 cum
637 877 668 939 in
693 876 805 957 quibus
831 877 926 940 uellet
949 877 1039 940 terris
1064 880 1095 939 et
1109 895 1166 957 per
1183 894 1266 957 quos
1283 876 1377 940 uellet

188 1009 201 1047 s
227 981 429 1063 praedicaret,
463 1000 499 1044 111
521 980 718 1063 prouidentia
741 981 974 1044 imminentium
997 981 1063 1044 siue
1087 981 1377 1045 ecclesiasticarum

228 1088 472 1170 temptationum
504 1087 569 1149 siue
601 1086 808 1149 mundialium
839 1087 1019 1169 plagarum,
1050 1104 1112 1168 qua
1135 1087 1320 1168 paracletus
1346 1085 1375 1149 id

229 1195 276 1255 est
308 1191 476 1255 aduncatus
509 1191 547 1254 ad
572 1190 760 1254 exorandum
785 1190 920 1253 indidem
944 1190 1068 1270 dicitur,
1098 1190 1285 1255 huiusmodi
1309 1189 1376 1254 offi-

227 1296 345 1360 ciorum
367 1295 506 1359 remedia
530 1295 710 1375 mandabat,
741 1299 826 1378 put-a,
854 1313 937 1358 nunc
960 1295 999 1358 ad
1024 1295 1236 1358 exercendam
1259 1293 1374 1358 sobrie·

227 1402 302 1465 tatis
334 1405 365 1464 et
391 1400 600 1465 abstinentiae
624 1401 833 1482 disciplinam3
864 1402 948 1465 hunc
971 1402 1024 1483 qui
1047 1401 1237 1484 recipimus,
1268 1419 1373 1464 neces-

176 1533 200 1569 10
228 1506 308 1569 sario
330 1506 423 1570 etiam
440 1524 518 1588 quae
534 1510 609 1570 tuno
625 1506 788 1570 coustituit
804 1506 1018 1570 obseruamus.
1052 1506 1156 1588 aspice
1173 1506 1215 1570 ad
1231 1506 1370 1570 Iudaicos

227 1611 325 1674 fastos
357 1614 388 1674 et
416 1611 557 1674 inuenies
581 1610 657 1674 nihil
681 1629 813 1689 nouum,
845 1611 886 1689 si,
918 1628 996 1691 qnae
1019 1610 1160 1693 patribus
1186 1615 1264 1675 sunt
1285 1628 1369 1693 prae·

227 1719 327 1796 cepta,
358 1715 459 1778 omnis
483 1715 627 1797 deinceps
651 1715 817 1795 posteritas
841 1715 1028 1779 hereditaria
1050 1714 1203 1797 religione
1228 1715 1365 1778 custodit.

227 1823 362 1901 aguntur
384 1822 546 1902 praetcrea
568 1839 623 1901 per
646 1818 792 1883 Graecias
816 1819 869 1882 illa
900 1819 992 1883 certis
1019 1820 1051 1882 in
1074 1819 1149 1883 locis
1175 1820 1310 1883 concilia
1335 1837 1365 1879 er

227 1924 381 1987 uniuersis
413 1923 565 2002 ecclesiis,
596 1943 650 2006 per
682 1942 761 2004 quae
794 1926 825 1986 et
848 1923 959 1988 altiora
982 1941 1123 2004 quaeque
1145 1923 1180 1986 in
1205 1941 1366 1987 commune

176 2052 200 2091 rs
228 2032 416 2108 tractantur,
452 2031 483 2091 et
517 2028 586 2110 ipsa
621 2028 865 2109 repraesentatio
901 2028 996 2092 totius
1030 2027 1166 2091 nominis
1201 2026 1365 2092 Christiani

226 2151 342 2216 magna
376 2133 576 2197 ueneratione
611 2131 794 2196 celebratur.
857 2136 888 2196 ct
921 2132 980 2196 hoc
1014 2149 1108 2213 quam
1143 2131 1278 2215 dignum
1311 2130 1364 2193 fide

227 2239 407 2319 auspicante
442 2237 624 2320 congregari
658 2237 792 2318 undique¹
828 2237 867 2300 ad
902 2235 1075 2300 Christum!
1135 2236 1223 2317 uide,
1262 2254 1364 2317 quarn

225 2343 361 2407 bouum
392 2347 427 2407 et
457 2360 565 2424 quarn
597 2341 799 2404 iucundum
823 2340 995 2404 habitare
1018 2340 1156 2405 fratres
1181 2340 1218 2404 in
1241 2343 1363 2404 unum!

225 2448 283 2511 hoe
308 2451 342 2511 tu
365 2448 499 2529 psallere
523 2465 584 2510 uon
609 2446 698 2509 facile
716 2445 806 2524 nosti,
831 2445 890 2509 nisi
906 2462 966 2526 qno
983 2449 1122 2526 tempore
1138 2462 1213 2508 cum
1228 2446 1363 2527 complu·

173 2576 199 2614 oo
225 2553 311 2616 ribus
333 2570 434 2615 cenas.
471 2554 643 2614 conuentus
667 2554 772 2613 autem
788 2550 833 2613 illi
850 2549 1037 2613 stationibus
1054 2549 1140 2632 prius
1157 2551 1190 2613 et
1205 2549 1364 2613 ieiunatio-

225 2657 318 2720 nibus
343 2655 460 2738 operati
483 2655 586 2718 dolere
611 2672 683 2718 cum
706 2653 882 2718 dolentibus
907 2657 938 2717 et
961 2653 1004 2717 ita
1027 2653 1154 2717 demum
1172 2655 1378 2737 congaudere⁴

225 2759 435 2843 gaudentibus
459 2763 583 2823 norunt.
619 2759 645 2821 si
669 2761 699 2821 ct
723 2759 783 2822 ista
798 2758 972 2838 sollemnia,
997 2757 1109 2839 quibus
1126 2760 1203 2823 tunc
1218 2776 1362 2841 praesens

225 2866 437 2947 patrocinatus
462 2867 510 2927 est
533 2880 645 2942 sermo,
669 2879 726 2926 nos
749 2880 870 2943 qnoque
894 2863 926 2925 in
950 2862 1081 2925 diuersis
1104 2863 1276 2943 prouinciis
1299 2863 1363 2927 fun·

225 2972 328 3053 gimur
351 2970 383 3033 in
416 2969 527 3052 spiritu
554 2969 689 3032 inuicem
712 2969 951 3051 repraesentati,
982 2968 1031 3031 lex
1054 2970 1102 3030 est
1125 2968 1325 3032 sacramenti.

75 3057 78 3064 ⁸
173 3097 199 3135 rs
272 3073 320 3138 14.
337 3075 460 3138 Horum
482 3073 576 3156 igitur
600 3077 741 3155 tempora
764 3071 968 3135 obseruantes
992 3075 1023 3135 et
1046 3072 1110 3134 dies
1134 3075 1167 3135 ct
1189 3091 1316 3136 menses
1336 3074 1363 3134 et

226 3197 323 3243 annos
346 3179 573 3261 galaticamur?
619 3179 725 3260 plane,
758 3177 784 3239 si
807 3177 1005 3240 Iudaicarum
1029 3176 1309 3258 caeremoniarum,
1339 3175 1361 3239 si

225 3284 373 3366 legalium
389 3283 637 3347 sollemnitatum
653 3281 857 3346 obseruantes
874 3299 997 3355 sumus3
1021 3281 1091 3345 illas
1109 3281 1193 3344 enim
1209 3281 1360 3365 apostolus

225 3389 353 3452 dedocet
377 3405 577 3469 compescens
601 3387 715 3450 ueteris
733 3386 915 3450 testamenti
930 3386 962 3449 in
980 3384 1104 3449 Christo
1123 3385 1242 3468 sepulti
1264 3403 1358 3467 perse·

224 3493 397 3556 uerantiam
415 3495 445 3555 et
458 3492 531 3555 noui
548 3492 672 3555 sistens
698 3491 779 3572 quod
795 3490 825 3553 si
841 3507 938 3554 noua
960 3489 1127 3553 conditio
1147 3490 1185 3552 in
1201 3488 1356 3565 Christo,

172 3622 198 3660 ao
225 3616 307 3662 noua
330 3601 361 3662 et
384 3597 549 3661 sollemnia
573 3616 640 3660 esse
665 3577 838 3659 debebunt:
863 3597 918 3658 aut
942 3594 967 3657 si
992 3601 1117 3658 omnem
1139 3593 1172 3656 in
1196 3597 1297 3658 totum
1312 3592 1354 3654 de-

330 3717 374 3785 m]
393 3717 436 3771 Ps.
452 3719 509 3784 rea,
524 3719 546 3770 1.
604 3715 650 3784 29]
669 3718 685 3770 2
705 3715 763 3769 cor.
777 3718 802 3779 5,
817 3718 856 3769 rr.

267 3826 282 3876 5
302 3838 331 3874 cr
352 3821 409 3889 Get,
428 3839 478 3876 ora.
493 3823 520 3875 B
591 3824 605 3874 7
625 3820 723 3873 dicitur
741 3820 791 3874 del.
811 3819 861 3873 Get
932 3820 964 3873 13
987 3821 1123 3886 praeterea
1141 3817 1204 3887 ΒΟ,
1226 3820 1351 3888 praecepta

226 3911 276 3965 Get
337 3908 383 3961 illa
405 3910 469 3963 Urs:
488 3907 546 3960 illas
566 3909 592 3961 B
654 3909 685 3962 21
707 3906 808 3974 operati
829 3905 891 3960 Gel:
910 3905 1011 3973 operari
1030 3906 1057 3959 B
1119 3906 1153 3959 24
1172 3900 1352 3973 repraesentari

224 3998 289 4052 Seal
359 3998 393 4051 26
411 3995 633 4064 e'raterroputa'oais
650 3995 760 4063 ciperem
774 3994 858 4062 posui
928 3993 962 4046 29
981 3991 1009 4044 in
1028 3991 1142 4054 Christo,
1162 4007 1233 4044 noua
1255 3993 1315 4046 Urs:
1330 3988 1352 4040 in

224 4083 330 4137 Christo
350 4081 446 4152 sepulti
464 4097 511 4150 per
528 4080 752 4148 perseuerantiam
773 4095 842 4132 noua
855 4081 889 4145 B,
909 4078 936 4131 in
950 4077 1056 4131 Christo
1075 4077 1173 4146 sepulti
1185 4076 1353 4146 perseuerant,

224 4171 277 4223 iam
302 4185 371 4222 noua
395 4170 453 4237 Get,
480 4168 508 4220 in
532 4166 638 4221 Christo
661 4166 755 4235 sepelit
777 4165 1011 4234 perseuerantiam,
1035 4180 1105 4218 noua
1128 4165 1207 4232 Seol;
1234 4163 1355 4232 ‘alioquin

220 4259 312 4325 possis
330 4263 354 4309 et
371 4256 513 4310 rescribere
532 4270 600 4308 111111
619 4254 769 4307 conditione
787 4254 815 4306 iu
828 4252 934 4308 Christo
948 4251 1052 4319 sepulta
1063 4252 1268 4319 perseuerantia,
1287 4246 1355 4304 noua’

228 4343 353 4397 Oeblerus
372 4344 419 4411 qui
443 4343 541 4396 Ursino
560 4342 690 4395 consentit
743 4342 777 4394 30
795 4343 823 4393 at
840 4344 906 4409 jort.
935 4350 937 4354 ’

81 4554 184 4630 ἢ
