2820 4914
568 380 745 434 Praefatio.
1189 378 1228 432 IX

84 563 140 623 aut
163 559 289 623 diuersa
311 559 425 642 legisse
449 578 481 621 se
505 559 614 623 testati
637 561 711 621 sunt
726 557 757 636 ii,
782 557 835 637 qui
851 559 923 619 ante
939 554 1229 620 Reifferscheidium

82 651 200 726 librum
223 662 461 747 Agebardinum
493 662 631 745 apicibus
662 665 730 725 turn
760 661 894 724 fortasse
917 659 1137 743 integrioribus
1161 676 1228 723 ma-

82 768 177 831 nibus
193 771 367 831 uersarunt.
404 767 436 830 in
452 766 565 848 quibus
582 767 681 849 primo
696 767 763 829 loco
780 764 988 828 nominandus
1004 767 1052 827 est
1067 761 1225 827 Iacobus
1252 758 1335 823 (1111

83 870 353 952 Gothofredus,
392 871 445 952 qui
480 871 617 935 codicem
651 868 796 935 Geneuae
831 869 995 950 usurpauit
1028 885 1109 931 anno
1145 865 1229 929 1624

83 976 213 1057 eiusque
246 977 279 1039 in
313 976 399 1040 libris
431 973 477 1036 ad
505 973 652 1037 nationes
686 974 789 1037 uarias
823 973 972 1037 lectiones
1008 972 1169 1036 adnotauit
1196 972 1228 1034 in

82 1080 179 1144 huius
210 1080 312 1163 operis
344 1080 477 1144 editione
508 1080 645 1161 principe
673 1094 753 1142 anno
777 1077 952 1159 insequenti
983 1077 1106 1156 emissa,
1138 1094 1228 1139 aceu-

81 1185 202 1248 ratione
231 1185 257 1248 is
285 1184 409 1265 quidem
438 1186 521 1247 usus
537 1184 620 1248 illius
645 1183 756 1247 aetatis
779 1182 1038 1246 consuetudinem
1059 1182 1152 1263 longe
1176 1199 1227 1243 ex-

81 1288 223 1352 cedente.
262 1287 490 1353 Gothofredum
511 1289 544 1351 in
560 1287 741 1352 excutiendo
758 1286 860 1350 codice
878 1286 997 1367 excepit
1013 1284 1224 1367 Stephanus
1247 1283 1328 1345 Bao

80 1393 277 1473 Baluzius,
301 1393 388 1457 ouius
414 1394 622 1458 conlationem
644 1391 788 1456 editionis
804 1391 1001 1475 Rigaltianae
1021 1409 1048 1454 a.
1067 1388 1148 1452 1641
1169 1408 1227 1472 pu-

80 1497 216 1559 blicatae
248 1499 416 1580 exemplari
443 1497 626 1561 Monacensi
656 1497 689 1560 in
719 1496 861 1579 margine
891 1494 1047 1578 adpictam
1077 1495 1110 1558 in
1133 1513 1227 1558 usum

80 1601 208 1664 uocauit
232 1599 356 1682 Oehler,
384 1603 437 1683 qui
466 1601 548 1665 idem
580 1601 674 1665 tertia
703 1619 825 1682 quoqne
856 1600 996 1663 eiusdem
1024 1598 1096 1662 libri
1123 1599 1227 1663 conla-

79 1706 165 1768 tione
197 1724 272 1769 usus
296 1709 344 1770 est
367 1724 385 1769 a
407 1705 574 1770 Gustauo
597 1705 786 1769 Friderioo
809 1704 1044 1768 Hildebrand
1075 1704 1223 1768 confecta.
1248 1701 1347 1764 Hild*

81 1827 216 1890 quorum
239 1813 390 1891 quantam
413 1812 543 1893 quisque
567 1810 743 1874 adhibuerit
767 1813 798 1873 et
820 1809 965 1890 peritiam
986 1812 1016 1872 et
1032 1808 1225 1891 diligentiam

80 1915 115 1977 in
138 1915 329 1996 praefatione
352 1915 480 1978 secundi
503 1916 580 1978 tomi
603 1913 877 1993 demonstrabitur,
902 1931 985 1976 nunc
1008 1913 1035 1976 si
1056 1913 1124 1993 quis
1141 1912 1225 1994 cupit

80 2019 173 2082 facile
196 2019 332 2083 iudicare
355 2023 459 2101 potest
475 2019 661 2101 comparatis
679 2037 786 2083 eorum
802 2018 991 2081 testimoniis
1008 2035 1079 2080 curn
1096 2015 1225 2079 Reiffer-

81 2123 210 2186 scheidii
229 2124 413 2204 conlatione,
433 2124 466 2187 in
487 2142 548 2205 qua
568 2127 634 2188 tota
653 2124 730 2186 haec
749 2122 886 2212 recensio
901 2122 1020 2186 nititur.
1059 2121 1111 2202 qni
1134 2139 1225 2184 accu-

80 2228 240 2291 ratissime
263 2229 401 2292 codicem
425 2224 915 2291 1111111111111111867111876
939 2226 1129 2306 tertiumque
1153 2243 1225 2288 eurn

81 2332 227 2414 inspexit,
251 2335 417 2414 postquam
439 2331 592 2396 librorum
615 2330 661 2392 ad
682 2330 830 2393 notiones
853 2331 1061 2395 conlationem
1084 2348 1103 2393 a
1125 2329 1233 2400 Maxi-¹

82 2436 212 2500 miliano
235 2436 433 2500 Klussmann
457 2455 537 2501 anno
564 2433 647 2498 1880
669 2437 786 2500 factam
810 2439 841 2499 et
864 2435 1039 2517 insequenti
1063 2452 1143 2497 anno
1166 2452 1225 2515 pu-

80 2540 262 2625 blicatam1)
286 2540 445 2605 nonnullis
467 2541 543 2606 locis
568 2559 586 2604 a
609 2559 666 2605 sua
689 2541 853 2605 dissentire
876 2541 968 2614 uidit3
996 2541 1101 2620 itaque
1125 2538 1224 2631 sicubi

81 2644 112 2707 in
128 2645 221 2708 huius
238 2645 384 2710 editionis
401 2649 552 2728 apparatu
568 2646 693 2709 diuersa
709 2645 928 2709 electionibus
944 2643 1222 2708 Klussmannianis

82 2750 231 2814 adnotata
252 2751 404 2831 inuenies,
428 2754 535 2815 nostra
557 2769 632 2814 uera
656 2769 724 2814 1111
747 2750 833 2815 scito.

126 2854 202 2918 Post
220 2850 249 2915 A
269 2856 301 2918 in
321 2855 518 2919 recensendis
539 2855 630 2918 huius
651 2854 819 2918 uoluminis
835 2853 922 2917 libris
940 2853 1055 2916 summi
1071 2853 1223 2917 momenti

83 2961 129 3022 111
153 2959 337 3023 Tertulliani
365 2959 456 3023 editio
485 2958 523 3023 ab
550 2960 689 3024 Ioanne
716 2957 908 3043 (langneio
935 2957 1064 3021 Parisiis
1088 2975 1115 3022 a.
1139 2955 1275 3020 154513

81 3063 207 3143 emissa,
231 3063 283 3144 qui
306 3063 451 3145 operibus
468 3064 686 3129 Tertullianeis
711 3067 782 3127 ante
804 3064 933 3127 aBeato
949 3062 1101 3126 Rhenano
1122 3062 1224 3145 publi-

81 3167 160 3230 catis
181 3186 294 3231 nouem
315 3168 432 3232 addidit
451 3188 549 3250 usque
569 3186 605 3232 eo
625 3169 741 3252 ignota,
764 3165 801 3229 11
822 3165 1002 3230 testimonio
1023 3165 1161 3242 animae,
1186 3165 1224 3229 de

81 3270 205 3348 anima,
227 3269 264 3334 do
284 3271 489 3356 spectaculis,
511 3271 549 3334 de
571 3271 740 3360 baptismo,
760 3271 935 3358 scorpiace,
961 3270 999 3333 de
1019 3269 1223 3348 idololatria,

83 3373 121 3437 de
136 3374 318 3459 pudicitia,
343 3376 380 3439 do
401 3376 526 3439 ieiunio
547 3376 709 3440 aduersus
725 3376 905 3462 psychicos,
928 3374 966 3438 de
986 3375 1141 3452 oratione,
1164 3376 1223 3439 hoc

81 3483 130 3543 est
150 3480 264 3562 scripta
285 3499 364 3562 qnae
384 3483 442 3546 hoo
462 3482 562 3564 primo
583 3482 742 3546 uolumine
763 3482 961 3546 continentur
981 3481 1087 3545 omnia
1101 3483 1223 3562 praeter

81 3584 159 3647 duos
182 3582 394 3647 adnationes
417 3586 523 3667 libros,
548 3604 679 3667 quorum
704 3586 869 3650 editionem
884 3585 1057 3668 principem
1073 3602 1154 3648 anno
1170 3585 1223 3648 de·

81 3707 170 3752 mum
195 3687 278 3751 1625
301 3688 340 3753 ab
363 3690 479 3776 Iacobo·
498 3689 687 3755 Gothofredo
710 3692 828 3754 saetam
849 3709 917 3754 esse
938 3690 1080 3752 diximus.
1116 3688 1223 3773 Gang-

81 3793 170 3857 neius
199 3812 272 3859 uero
300 3812 372 3858 oum
395 3814 428 3858 se
451 3795 483 3858 in
506 3795 554 3858 his
579 3795 702 3877 seriptis
726 3796 854 3860 edendis
878 3795 1091 3859 uetustissimo
1119 3795 1222 3858 codice

82 3916 175 3961 usurn
199 3917 266 3962 esse
281 3901 424 3980 testetur,
448 3901 530 3963 huno
546 3900 650 3982 ipsum
666 3900 763 3964 fuisse
779 3899 1017 3983 Agobardinnm
1038 3899 1221 3962 certissimis

81 4003 276 4085 argumentis
300 4002 506 4067 demonstrari
525 4008 639 4086 potest.
678 4022 736 4068 nec
752 4009 858 4068 tamen
875 4005 979 4067 minus
996 4007 1125 4083 certum,
1150 4022 1221 4066 eum

1337 760 1349 789 *

126 4244 145 4312 ¹)
168 4245 303 4299 Gestarum
323 4246 568 4302 Tertulliaoeorom
581 4249 736 4316 particulos
754 4249 774 4301 Ι
789 4254 814 4301 et
831 4248 872 4312 ΙΙ,
893 4245 969 4300 Halis
990 4248 1063 4309 1881,
1082 4262 1148 4313 quae
1167 4245 1221 4298 dis-

82 4331 191 4383 sertatio
210 4332 322 4400 repetita
341 4337 381 4385 est
398 4333 426 4385 in
443 4333 512 4387 libro
531 4351 611 4402 supra
629 4334 711 4387 citato
728 4351 753 4402 p.
767 4333 812 4386 VI.
