2820 4914
505 112 536 165 X.
555 112 599 162 De
618 111 723 162 anima
741 113 853 165 21-23.
1187 113 1250 176 335

106 290 148 353 sit
172 289 297 371 etipsa
320 287 472 351 naturalis
496 291 588 367 atque
613 285 786 366 mutabilis
814 304 936 368 quoquo
965 288 1107 367 uertitur,
1139 293 1250 352 natura

96 393 314 458 conuertitur.
353 393 457 455 inesse
489 380 594 454 autem
617 390 705 455 nobis
728 393 758 450 rb
783 389 950 464 αὐτεξούσιον
974 393 1158 456 naturaliter
1186 394 1250 457 iam

105 502 138 561 et
161 497 316 561 Marcioni
340 496 536 560 ostendimus
561 499 592 558 el·
614 495 814 578 Hermogeni.
854 494 927 576 quid
950 514 1042 576 nuno,
1071 497 1096 560 si
1119 501 1249 560 naturae

104 602 250 665 condicio
281 602 326 664 sic
349 602 407 664 erit
430 599 615 679 definienda,
649 603 683 662 ut
706 599 818 680 duplex
842 599 1074 681 determinetur,
1105 604 1250 665 natorum

104 711 138 770 et
162 707 356 785 innatorum,
380 706 533 768 laetorum
557 708 589 767 et
610 704 818 768 infectorum?
853 707 945 784 atque
968 705 1012 768 ita
1034 706 1116 786 quod
1139 709 1248 769 natum
1290 731 1303 770 5

104 813 290 891 factumque
315 809 499 888 constiterit,
524 809 590 871 eius
614 812 725 872 natura
749 809 849 890 capiet
869 809 1128 883 demutationem3
1153 814 1184 874 et
1202 830 1251 873 re-

105 915 199 979 nasci
223 915 306 978 enim
330 914 444 996 poterit
468 916 500 976 et
523 913 616 976 refici.
656 913 800 976 innatum
824 917 930 976 autem
953 917 984 977 et
1013 914 1164 978 infectum
1192 916 1251 979 im-

105 1019 226 1084 mobile
250 1019 356 1082 stabit.
397 1018 573 1098 quodcum
598 1018 654 1081 soli
677 1018 734 1081 deo
757 1020 913 1099 conpetat,
944 1021 979 1081 ut
1009 1019 1067 1082 soli
1090 1019 1196 1083 innato
1221 1023 1251 1083 et

104 1124 225 1188 infecto
256 1126 288 1186 et
315 1123 429 1185 idcirco
459 1122 629 1185 immortali
658 1125 690 1184 et
720 1120 959 1201 inconuertibili,
991 1122 1171 1187 absolutum
1203 1127 1252 1187 est

106 1233 286 1293 ceterorum
317 1228 457 1291 omnium
488 1233 634 1291 natorum
665 1230 757 1307 atque
781 1227 935 1290 factorum
958 1229 1192 1293 conuertibilem
1220 1233 1251 1293 et
1279 1254 1304 1291 1o

106 1334 336 1397 demutabilem
367 1352 435 1396 esse
466 1324 621 1410 naturam,
652 1335 688 1394 ut
718 1335 757 1410 et,
789 1332 816 1395 si
845 1331 967 1396 trinitas
990 1333 1112 1396 animae
1136 1333 1252 1397 adscri-

106 1439 214 1501 benda
237 1441 331 1517 esset,
355 1456 392 1500 ex
415 1437 588 1500 mutatione
613 1435 812 1515 accidentiae,
836 1455 897 1499 non
922 1456 957 1500 ex
979 1437 1175 1501 institutione
1196 1456 1252 1501 na-

107 1548 201 1606 turae
224 1542 436 1624 deputaretur.

153 1644 206 1710 22.
231 1647 344 1711 Cetera
367 1647 490 1710 animae
513 1645 669 1709 naturalia
688 1645 752 1708 iam
776 1664 794 1708 a
817 1646 907 1710 nobis
925 1646 1021 1709 audiit
1036 1647 1251 1730 Hermogenes

107 1770 184 1814 cum
215 1753 354 1832 ipsorum
384 1750 564 1814 defensione
596 1753 627 1813 et
654 1749 846 1831 probatione,
877 1770 932 1833 per
961 1769 1039 1832 qnae
1070 1753 1119 1814 dei
1149 1753 1251 1834 potius
1280 1776 1304 1816 rs

108 1874 206 1937 quam
230 1856 380 1919 materiae
403 1856 576 1937 propinqua
606 1855 813 1937 cognoscitur.
851 1855 903 1919 hie
933 1856 1128 1920 solummodo
1152 1858 1253 1920 nomi-

108 1960 281 2039 nabuntur,
305 1979 344 2023 ne
367 1960 535 2042 praeterita
557 1959 731 2023 uideantur.
771 1959 912 2023 dedimus
936 1961 1019 2024 enirn
1042 1961 1089 2024 illi
1109 1966 1141 2025 et
1160 1963 1253 2026 liber-

108 2068 211 2128 tatem
240 2065 369 2143 arbitrii,
400 2068 436 2128 ut
465 2083 558 2146 supra
589 2064 781 2145 scripsimus
814 2068 845 2127 et
875 2065 1118 2129 dominationem
1148 2086 1252 2130 rerum

110 2173 142 2233 et
167 2169 390 2233 diuinationem
405 2169 573 2248 interdum,
597 2168 731 2250 seposita
747 2187 824 2250 quae
840 2189 895 2250 per
912 2169 961 2232 dei
976 2170 1110 2252 gratiam
1126 2170 1253 2235 obuenit

111 2293 148 2336 ex
172 2274 343 2355 prophetia.
382 2274 485 2354 itaque
509 2274 574 2337 iam
596 2273 634 2335 ab
658 2273 718 2335 isto
742 2273 952 2354 dispositionis
975 2277 1144 2339 retractatu
1168 2293 1252 2338 rece·
1279 2301 1305 2339 20

58 2387 97 2439 dv
111 2378 197 2457 dam,
220 2381 256 2440 ut
278 2378 419 2441 ordinem
444 2379 510 2441 eius
534 2394 718 2460 expungam.
741 2375 745 2460 Ι
766 2376 930 2441 delinimus
954 2379 1091 2442 animam
1112 2379 1161 2442 dei
1176 2378 1252 2444 flatu

112 2485 231 2562 natam,
255 2482 475 2562 immortalem,
499 2482 701 2563 corporalem,
725 2481 906 2564 effigiatam,
935 2483 1112 2548 substantia
1134 2484 1252 2564 simpli-

111 2607 191 2667 cem,
221 2589 259 2651 de
291 2607 345 2652 suo
377 2589 560 2671 sapientem,
591 2587 676 2651 uarie
706 2588 937 2669 procedentem,
966 2588 1099 2652 liberam
1122 2588 1251 2671 arbitrii,

112 2693 292 2756 accidentiis
316 2693 491 2771 obnoxiam,
522 2711 577 2774 per
598 2692 725 2775 ingenia
747 2692 942 2772 mutabilem,
972 2693 1167 2773 rationalem,
1198 2694 1251 2758 do-

112 2797 321 2878 minatricem,
345 2796 572 2876 diuinatrieem,
597 2816 633 2859 ex
655 2815 718 2860 una
737 2796 973 2860 redundantem.
1013 2799 1153 2879 sequitur
1169 2817 1252 2862 nunc
1278 2824 1304 2865 aa

111 2905 149 2965 ut
178 2902 332 2982 quomodo
356 2921 392 2964 ex
419 2919 482 2965 una
510 2901 663 2964 redundet
693 2901 935 2982 consideremus,
965 2901 997 2965 id
1028 2905 1076 2966 est
1108 2903 1190 2965 unde
1221 2907 1252 2967 et

112 3007 236 3088 quando
260 3009 291 3070 et
313 3024 373 3087 qua
395 3007 515 3070 ratione
539 3009 689 3070 sumatur.

155 3109 209 3174 23.
233 3109 366 3190 Quidam
389 3111 426 3173 de
450 3111 544 3174 caelis
560 3111 724 3175 deuenisse
741 3130 774 3173 se
790 3111 920 3175 credunt
936 3115 1025 3175 tanta
1041 3113 1251 3195 persuasione,

111 3219 232 3298 quanta
255 3219 286 3279 et
308 3216 382 3279 illuc
404 3215 580 3279 indubitate
603 3234 799 3299 regressuros
827 3217 1057 3299 repromittunt,
1088 3222 1124 3281 ut
1146 3216 1252 3281 Satur·

112 3322 206 3384 ninus
219 3320 384 3384 Menandri
396 3318 568 3383 Simoniani
584 3320 753 3402 discipulus
768 3321 899 3400 induxit,
915 3322 1074 3388 hominem
1091 3321 1251 3386 affirmans
1278 3347 1304 3391 ao

160 3548 289 3600 luatura
306 3544 472 3598 conuertitur
489 3563 539 3600 ona.
559 3546 586 3599 A
656 3543 967 3598 auolr'leaorcrou
984 3547 1011 3599 A
1082 3547 1252 3601 9111110011-

112 3633 233 3687 uertibili
251 3650 301 3687 om.
320 3634 348 3686 A
413 3635 445 3688 14
464 3649 642 3701 acaptare.
663 3633 690 3685 A
756 3631 942 3687 rainardum
962 3651 1011 3688 om.
1031 3635 1058 3687 A
1120 3633 1207 3702 gratia
1225 3636 1252 3689 A

112 3724 148 3776 22
167 3719 329 3788 corporalem
343 3738 392 3776 om.
406 3722 441 3784 A,
461 3718 502 3773 ‘al
517 3717 598 3772 deest’
611 3720 683 3788 Bra-p
736 3720 769 3774 23
786 3719 933 3787 sapientem
946 3722 1011 3788 AB,
1022 3720 1167 3788 patientem
1180 3723 1253 3791 Bmp

112 3808 243 3861 uariaeA
295 3809 329 3861 24
342 3806 496 3860 accidentiis
514 3805 802 3862 Urs:acoidentisAB
855 3809 888 3861 26
901 3809 1054 3861 uteaeetA
1107 3811 1140 3862 28
1152 3807 1251 3860 VNDE

113 3894 234 3948 ΑΝΙΜΑ
261 3895 324 3957 AB,
352 3893 451 3946 VNDE
478 3892 604 3956 ANIMA,
632 3891 819 3946 ADVERSVS
842 3893 1068 3948 HAERETICOS
1092 3894 1153 3959 QVI
1175 3894 1252 3947 EAM

114 3981 163 4034 DE
191 3979 313 4034 COELIS
341 3979 530 4032 DEFERVNT
557 3981 606 4034 Gal
671 3981 704 4032 29
728 3982 755 4031 et
777 3997 828 4034 om.
852 3982 879 4034 B
949 3981 1079 4034 Saturnus
1101 3983 1137 4050 B,
1161 3981 1252 4034 Satur-

115 4068 176 4120 nius
197 4069 252 4136 Rip
