2820 4914
218 391 282 454 272
449 391 563 457 Quinti
582 391 719 460 Septimi
738 391 904 446 Florentia
922 392 1123 447 Tertulliani

218 566 356 630 decernit
389 566 517 631 incesto.
558 567 691 632 sufficiat
725 570 855 652 martyri
889 569 1014 653 propria
1048 568 1165 633 delicta
1200 587 1362 652 purgasse.

217 671 332 752 ingrati
361 672 412 734 uel
442 671 568 753 superbi
598 675 646 736 991
675 673 707 735 19
738 673 814 737 91199
845 692 964 755 quoque
996 691 1157 756 spargere,
1195 674 1281 754 quod
1310 691 1362 756 pro

218 792 331 858 magno
355 774 447 838 fuerit
470 779 664 839 consecutus.
703 777 772 858 quis
796 777 931 841 alienam
954 782 1089 841 mortem
1112 795 1173 842 sua
1196 778 1305 857 soluit,
1332 777 1362 840 91

218 879 302 942 99199
334 878 383 942 191
411 877 517 942 filius?
555 898 629 943 nam
652 884 683 944 91
705 881 737 943 19
760 881 829 963 1999
851 882 995 964 passione
1018 881 1167 945 liberauit
1194 882 1359 945 latronem.

178 1007 191 1046 9
218 983 337 1046 adhoc
360 983 443 1046 enim
466 988 605 1063 uenerat,
630 988 665 1048 ut
687 984 753 1068 ipse
777 1002 795 1048 a
818 985 929 1050 delicto
949 1004 1046 1067 purus
1062 988 1094 1049 91
1108 986 1218 1050 919919
1235 989 1358 1049 9999199

216 1106 271 1170 919
295 1088 509 1171 9999919111119
533 1088 641 1152 obiret.
679 1089 808 1172 proinde
832 1090 885 1170 qui
907 1089 998 1152 illum
1021 1090 1191 1153 aemularis
1216 1090 1358 1154 donando

217 1193 339 1271 delicta,
368 1192 394 1256 si
425 1193 468 1255 ml
498 1194 563 1276 ipse
595 1193 762 1274 deliquisti,
795 1194 888 1276 plane
917 1197 1024 1276 patere
1054 1212 1109 1276 pro
1134 1213 1195 1257 me.
1238 1195 1266 1257 si
1289 1212 1357 1258 uero

215 1300 359 1378 peccator
390 1315 433 1376 es,
464 1298 618 1378 quomodo
649 1298 750 1361 oleum
781 1297 902 1361 faculae
925 1301 997 1361 1999
1021 1297 1165 1362 sufficere
1189 1302 1223 1362 91
1252 1299 1359 1363 111191

218 1401 294 1464 mihi
323 1401 458 1484 poterit?
496 1401 595 1465 habeo
626 1403 720 1466 etiam
750 1421 833 1465 nunc
868 1421 927 1484 quo
960 1402 1090 1484 probem
1121 1401 1296 1467 Christum.
1335 1404 1359 1467 si

166 1527 190 1566 ro
216 1509 381 1588 propterea
405 1505 546 1569 Christus
569 1507 601 1569 in
624 1510 761 1589 martyre
785 1510 842 1586 est,
871 1510 906 1570 ut
930 1507 1075 1570 moechos
1099 1509 1131 1570 et
1154 1507 1358 1572 fornicatores

217 1612 334 1691 martyr
358 1608 511 1687 absoluat,
536 1610 658 1673 occulta
681 1611 780 1674 cordis
804 1611 914 1688 edicat,
937 1613 973 1673 ut
994 1610 1039 1673 ita
1061 1609 1175 1674 delicta
1198 1611 1359 1691 concedat,

217 1715 249 1776 91
271 1712 414 1777 Christus
438 1717 494 1777 est.
534 1714 578 1777 919
602 1715 685 1778 99119
713 1714 857 1778 19191999
881 1715 970 1778 19999
994 1714 1136 1779 Christus
1166 1718 1359 1796 potestatem

217 1835 307 1880 snam
323 1817 475 1882 ostendit:
492 1818 578 1899 qnid
595 1818 1178 1901 999119119119999191999111199
1195 1821 1359 1884 uestris?

217 1921 303 2003 quid
326 1922 425 1985 enim
448 1922 600 1986 19911199
624 1926 681 1986 991
709 1922 831 1987 119919
857 1923 1082 2006 paralytico,
1110 1922 1361 1989 dimittuntur

112 2090 115 2095 ,
165 2048 189 2086 n
216 2025 286 2089 tibi
310 2029 477 2109 9999919,
508 2030 585 2107 991,
616 2046 725 2109 surge
749 2031 785 2091 et
808 2026 976 2091 ambula?
1014 2026 1133 2110 igitur
1156 2031 1198 2091 ut
1229 2029 1360 2092 9919119

216 2129 339 2193 1111991
368 2130 528 2194 19191919
558 2130 695 2194 191919
720 2131 1029 2195 dimittendorum
1052 2134 1300 2214 peccatorum
1326 2133 1360 2196 in

216 2235 327 2297 191119
350 2237 593 2317 99199191919,
624 2235 800 2299 11111199
823 2236 1047 2318 paralytice,
1079 2254 1192 2319 surge
1226 2241 1263 2302 et
1289 2255 1358 2302 am-

216 2337 312 2402 bula.
352 2338 378 2402 si
401 2339 546 2403 dominns
569 2343 694 2403 tantum
718 2340 755 2403 de
778 2341 941 2423 potestatis
964 2357 1039 2404 suae
1061 2340 1250 2421 probatione
1273 2359 1357 2405 eura-

215 2443 270 2523 uit,
294 2443 341 2507 uti
363 2443 538 2507 traduceret
561 2445 716 2526 cogitatus
740 2448 771 2508 et
793 2445 837 2508 ita
851 2445 1021 2527 imperaret
1036 2445 1219 2526 samtatem,
1243 2464 1283 2509 99
1299 2463 1356 2510 999

163 2569 189 2609 a
216 2548 392 2612 crederetur
414 2566 506 2630 posse
530 2548 644 2611 delicta
667 2548 834 2629 dimittere,
866 2566 928 2613 non
951 2548 1024 2612 11991
1046 2548 1124 2612 91111
1148 2551 1285 2614 eandem
1305 2569 1355 2632 po-

215 2655 362 2715 testatem
392 2652 423 2715 in
455 2652 557 2734 aliquo
589 2653 655 2716 9199
690 2653 809 2716 eisdem
841 2652 1076 2735 probationibus
1112 2654 1249 2718 credere.
1288 2672 1354 2717 cnm

216 2760 322 2820 tamen
346 2756 483 2820 moechis
507 2760 538 2820 91
561 2757 800 2821 19191991911199
823 2775 842 2820 9
864 2760 1000 2840 martyre
1024 2759 1205 2840 expostulas
1222 2759 1352 2837 ueniam,

215 2859 282 2942 ipse
305 2861 461 2925 confiteris
485 2860 638 2925 eiusmodi
661 2862 793 2925 crimina
824 2861 946 2925 nonnisi
972 2862 1095 2944 9199119
1127 2863 1281 2946 martyrio
1312 2863 1353 2925 di-

215 2965 339 3045 luenda,
368 2966 420 3048 qui
442 2966 616 3048 praesumis
640 2966 750 3030 alieno.
789 2966 870 3048 quod
893 2967 920 3031 si
943 2969 1001 3046 est,
1024 2966 1088 3030 iam
1112 2969 1143 3030 et
1170 2967 1352 3050 martyrium

164 3091 190 3131 99
217 3069 300 3133 aliud
317 3070 375 3133 erit
390 3068 557 3153 baptisma.
596 3069 713 3134 habeo
730 3071 841 3150 enim,
856 3072 967 3152 inquit,
989 3073 1024 3134 et
1040 3070 1142 3134 aliud
1156 3068 1352 3154 baptisma.

216 3172 298 3236 unde
322 3178 353 3238 et
376 3193 412 3237 91
434 3175 564 3238 9919919
587 3174 692 3238 1919119
717 3175 862 3238 dominici
886 3193 966 3257 aqua
986 3177 1017 3238 et
1032 3175 1171 3258 sanguis,
1195 3176 1353 3257 utriusque

215 3278 333 3342 lauacri
356 3282 504 3360 paratura
527 3279 676 3343 manauit.
716 3278 812 3343 19199
841 3297 913 3362 ergo
937 3279 1088 3360 etprimo
1110 3280 1238 3344 1999919
1264 3280 1354 3342 aliurn

216 3381 359 3463 liberare,
383 3383 410 3446 si
433 3402 561 3467 possum
585 3383 730 3447 secundo.
758 3383 900 3466 ingeram
923 3402 1022 3466 nsque
1045 3383 1078 3447 in
1101 3383 1207 3446 sinum
1229 3401 1354 3447 necesse

217 3490 278 3551 est:
302 3506 504 3570 quaecunque
520 3489 699 3569 9991911199,
720 3505 933 3570 9999999999
956 3489 1032 3552 ratio
1056 3488 1186 3551 moecho
1210 3491 1243 3551 91
1263 3488 1355 3552 19191-

164 3614 190 3653 99
217 3593 313 3656 991911
335 3610 445 3673 pacem
470 3592 713 3657 ecclesiasticam
735 3592 847 3673 191111,
872 3593 979 3656 991991
996 3591 1121 3656 debebit
1135 3595 1167 3655 et
1182 3592 1355 3656 homicidae

321 3800 365 3867 19]
384 3800 480 3862 natan.
493 3802 517 3865 o,
530 3802 547 3854 4
561 3814 616 3868 sqq.
669 3800 715 3868 25]
734 3798 797 3854 uuo.
813 3801 853 3864 19,
866 3803 907 3856 59.

261 3991 393 4047 11999919
408 3994 471 4047 Gel:
488 3992 589 4046 incerto
608 3994 635 4046 Β
688 3991 773 4048 39191
793 3993 842 4046 cea
895 3991 986 4061 51999
1010 3991 1196 4060 19119993
1271 3993 1358 4047 omnia

220 4077 248 4146 O,
272 4080 380 4131 omnino
398 4081 425 4133 B
497 4083 512 4134 6
535 4077 620 4132 911191
642 4081 707 4134 Urs:
728 4078 848 4132 obediret
869 4081 896 4133 B
967 4082 1048 4147 7919
1071 4095 1113 4130 919
1134 4079 1198 4133 Gel:
1220 4082 1358 4148 919919Β

216 4169 250 4220 24
268 4167 414 4235 praesumis
436 4168 499 4220 cer:
517 4182 673 4235 praesumus
691 4167 718 4220 B
782 4166 805 4219 si
824 4169 871 4230 est,
890 4166 945 4219 iarn
966 4166 1029 4220 aa:
1046 4166 1128 4219 seiam
1146 4166 1174 4219 B
1248 4170 1285 4224 28
1302 4184 1359 4237 999-

217 4270 276 4306 sum
297 4254 516 4322 0911999999199
535 4255 562 4307 B
624 4253 744 4320 ingeram
763 4269 846 4320 usque
864 4254 934 4309 Lot:
951 4253 1156 4322 ingeramusque
1175 4254 1203 4307 B
1274 4256 1360 4308 sinum

219 4341 283 4395 Gal:
300 4341 381 4393 finem
401 4342 428 4394 Β
