2820 4914
420 383 835 453 mmmmmfflo
1136 384 1198 448 m

55 561 180 623 statum
204 560 268 622 eius
292 578 388 641 aeque
412 563 447 623 ut
469 562 576 642 potero
599 561 777 642 progrediar
800 560 837 622 de
861 560 1103 641 quaestiunculis
1132 561 1199 642 qui-

53 662 201 726 busdam.
239 663 414 821 baptisrqus
439 663 477 727 ab
501 664 641 727 Iohanne
663 664 862 727 denuntiatus
893 665 955 727 Iam
986 667 1060 727 tunc
1089 664 1200 728 habuit

57 767 284 848 quaestionem,
315 766 353 831 ab
385 769 451 849 Ipso
483 768 608 849 quidem
639 769 762 831 domino
794 769 986 850 propositam
1013 768 1198 846 Pharisaeis,

56 871 242 935 caelestisne
269 872 295 935 is
325 871 501 954 baptismus
531 875 615 935 esset
642 890 682 935 an
706 890 779 935 uero
804 875 966 936 terrenus?
1005 872 1042 935 de
1073 892 1132 953 quo
1154 872 1199 935 illi

57 994 123 1038 non
145 975 313 1039 ualuerunt
336 979 515 1040 constanter
538 976 735 1058 respondere,
759 979 866 1057 utpote
891 995 952 1041 non
968 976 1197 1059 intellegentes,
1226 1003 1238 1041 5

57 1079 132 1161 quia
162 1098 219 1143 nec
246 1081 416 1144 credentes.
462 1099 518 1144 nos
546 1099 636 1162 porro
664 1081 815 1162 quantula
842 1080 902 1143 fide
930 1099 1049 1160 sumus,
1078 1081 1199 1144 tantulo

57 1187 89 1247 et
111 1184 272 1249 intellectu
294 1203 461 1265 possumus
485 1185 650 1248 aestimare
674 1185 814 1248 diuinum
838 1185 963 1266 quidem
987 1204 1058 1248 eum
1080 1184 1199 1267 baptis-

57 1306 147 1352 mum
172 1288 278 1367 luisse,
301 1291 450 1353 mandatu
473 1292 590 1368 tamen,
615 1308 676 1353 non
701 1293 731 1353 et
750 1292 915 1372 potestate,
939 1290 1073 1370 quodet
1087 1289 1200 1352 Iohan-

56 1411 133 1456 nem
161 1410 180 1456 a
207 1393 331 1457 domino
361 1393 492 1457 missum
522 1394 656 1479 legimus
686 1394 718 1456 in
745 1394 803 1460 hoo
831 1412 945 1456 munus
974 1397 1112 1457 ceterum
1142 1394 1199 1456 hu·
1278 1439 1282 1445 .

55 1514 190 1560 manum
213 1497 400 1561 condicione.
440 1497 516 1560 nihil
545 1479 628 1561 enirn
652 1498 787 1561 caeleste
810 1498 999 1577 praestabat,
1024 1498 1078 1561 sed
1101 1480 1199 1561 caele}
1226 1525 1264 1580 ro,

56 1600 160 1665 stibus
190 1601 477 1684 praeministrabat,
493 1602 701 1683 paenitentiae
733 1602 850 1665 scilicet
880 1602 1085 1686 praepositus,
1121 1620 1199 1682 quae

55 1709 108 1769 est
130 1705 164 1768 in
186 1706 321 1787 hominis
344 1709 508 1795 potestate.
554 1707 685 1787 denique
708 1706 788 1790 legis
812 1707 952 1770 doctores
977 1709 1008 1769 et
1030 1706 1199 1786 Pharisaei,

54 1811 112 1892 qui
132 1811 257 1874 credere
280 1811 456 1892 noluerunt,
479 1830 536 1875 neo
558 1812 782 1893 paenitentiam
806 1830 905 1894 egere.
944 1811 1072 1892 quodsi
1094 1811 1200 1892 paeni-

55 1914 161 1978 tentia
182 1915 356 1978 humanum
380 1918 436 1995 est,
468 1919 499 1978 et
524 1914 699 1997 baptismus
727 1916 823 2001 ipsius
852 1915 1001 1984 eiusdem,
1014 1914 1199 1978 condicionis

53 2019 155 2083 fuerit
184 2037 310 2083 necesse
341 2024 398 2100 est,
429 2023 484 2084 aut
514 2020 601 2083 daret
629 2023 659 2083 et
689 2020 833 2102 spiritum
861 2022 1005 2083 sanctum
1033 2023 1064 2083 et
1090 2019 1200 2082 remis·
1227 2047 1252 2086 15

54 2124 181 2187 sionem
211 2124 402 2205 delictorum,
434 2126 460 2188 si
490 2125 632 2188 caelestis
662 2125 782 2188 fuisset.
821 2125 876 2188 sed
906 2143 1006 2206 neque
1030 2127 1200 2206 ¹peecatum

55 2228 191 2291 dimittit
221 2248 321 2310 neque
352 2229 496 2312 spintum
524 2230 666 2312 indulget
696 2229 756 2293 nisi
779 2229 855 2292 deus
879 2230 972 2292 solus.
995 2229 1111 2292 'etiam
1133 2229 1200 2310 ipse

55 2331 216 2417 dominns,
247 2333 306 2397 nisi
328 2333 394 2414 ipse
416 2334 502 2415 prius
526 2334 708 2397 ascenderet
731 2335 770 2398 ad
799 2337 931 2415 patrem,
963 2334 1051 2397 aliter
1074 2334 1201 2422 negauit

56 2435 206 2518 spiritum
232 2437 466 2502 descensurum.
505 2438 535 2500 id
563 2438 645 2519 quod
673 2438 816 2502 dominus
845 2438 983 2501 nondum
1011 2424 1199 2518 conferebat,

58 2559 172 2604 seruus
201 2541 307 2623 uh'que
337 2545 496 2624 praestare
527 2560 589 2606 non
619 2543 779 2624 potuIsset.
825 2543 900 2606 adeo
927 2546 1036 2624 postea
1058 2543 1088 2605 In
1111 2541 1200 2604 Actis
1227 2568 1253 2607 20

56 2643 287 2727 Apostolorum
320 2646 511 2726 muenimus,
546 2647 706 2728 quonism,
742 2646 794 2727 qui
827 2645 974 2709 Iohannis
1008 2645 1201 2727 baptismum

56 2748 230 2829 habebant,
260 2767 322 2813 non
345 2751 538 2834 accepissent
561 2751 704 2832 spiritum
727 2753 882 2830 sanctum,
914 2769 1007 2831 quem
1031 2769 1069 2812 ne
1094 2750 1201 2813 auditu

58 2851 188 2936 quidem
210 2858 371 2941 nouerant.
411 2840 484 2939 ergo
508 2872 571 2919 non
594 2857 661 2918 erat
684 2854 829 2934 caeleste,
861 2853 942 2935 quod
970 2854 1117 2934 caelestia
1139 2874 1201 2918 non

60 2957 237 3039 exhibebat,
261 2978 333 3023 cnm
347 2959 462 3046 ipsum,
485 2960 567 3040 quod
583 2959 763 3022 coelestem
779 2958 919 3022 Iohanne
939 2959 1052 3038 fuerat,
1075 2959 1201 3040 spiritus

58 3062 251 3145 prophetiae,
263 3062 346 3170 ffost
366 3063 462 3128 totius
480 3063 606 3145 spirltus
622 3064 654 3126 in
675 3063 835 3126 dommum
852 3058 1202 3159 translationemlusque
1228 3090 1254 3128 es

60 3167 140 3232 adeo
163 3156 380 3248 defeceritp'ut
401 3187 497 3251 quem
519 3169 764 3250 praedicanerat,
792 3186 886 3249 quern
909 3169 1127 3232 aduenIentem
1150 3168 1203 3231 de-

60 3273 251 3356 signauerat,
274 3273 476 3356 postmodum
500 3292 540 3337 an
561 3273 629 3356 ipse
653 3276 736 3355 esset
759 3273 878 3336 miserit
897 3273 1112 3336 sciscitatum.-·
1130 3291 1203 3356 age-

59 3376 155 3441 batur
177 3377 279 3459 itaque
294 3377 469 3460 baptismus
484 3370 694 3460 paenitentiae
711 3378 799 3459 quasi
815 3377 996 3441 candidatus
1012 3377 1202 3441 remissionIs

61 3483 96 3546 et
121 3480 372 3545 sanctificationis
399 3481 431 3544 in
455 3481 577 3546 Christo
605 3482 838 3572 subsecuturae.
862 3500 937 3545 narn
979 3482 1060 3563 quod
1082 3482 1203 3563 praedi-

50 3576 156 3648 'cabat
183 3584 375 3667 baptismum
405 3586 614 3667 paenitendae
644 3587 676 3648 ln
706 3586 921 3650 remissionem
948 3586 1140 3665 delictorum,
1171 3586 1202 3648 in
1229 3611 1256 3650 eo

60 3689 204 3754 futuram
225 3690 442 3754 remissIonem
466 3690 661 3754 enuntiatum
685 3693 746 3753 est:
771 3690 923 3771 siquidem
942 3690 1132 3773 paenitentia
1147 3707 1202 3752 an-

60 3793 186 3874 tecedit,
208 3795 350 3859 remissio
374 3794 582 3876 subsequitur,
608 3798 638 3858 et
661 3794 720 3858 hoc
744 3799 791 3858 est
813 3795 897 3857 uiam
919 3812 1118 3877 praeparare3
1150 3794 1202 3875 qui

62 3901 170 3963 antem
192 3903 367 3982 praeparat,
396 3919 458 3964 non
481 3900 563 3963 idem
585 3900 651 3981 ipse
674 3899 804 3981 perficit,
828 3899 882 3963 sed
906 3899 957 3962 alii
979 3898 1203 3982 perficiendum

78 4020 782 4106 ‘mmmmmrwmmm

105 4158 261 4215 umanum
273 4160 337 4215 cel.-
349 4159 506 4213 mandatum
516 4160 543 4213 B
591 4161 623 4214 12
634 4158 784 4226 denique-
793 4161 825 4214 13
835 4174 910 4225 egere
919 4161 982 4227 fort.
994 4158 1106 4211 delendo
1118 4163 1203 4212 censet

61 4247 241 4302 Hermobius
276 4247 586 4316 raegerenat:agere13
616 4245 1036 4314 20p0tuissetscripsl:possetB
1071 4246 1203 4311 praestare

59 4331 170 4405 posset?
188 4334 244 4404 Rip
295 4335 329 4389 25
342 4335 369 4387 et
380 4333 533 4403 prophetiae
546 4335 587 4400 B;
602 4335 629 4386 et
642 4333 690 4386 del.
707 4334 756 4387 θεῖ
808 4334 843 4387 33
856 4331 961 4400 perficit
975 4332 1038 4386 Gel:
1054 4330 1164 4398 perfecIt
1176 4332 1203 4384 B

114 4427 157 4471 XX.
171 4427 231 4469 'lert
246 4428 263 4468 1.
1017 4423 1047 4470 14
