2820 4914
360 1216 362 1219 ’
427 1200 881 1302 PRAEFATIO.

130 1577 174 1679 Q.
194 1607 325 1690 Septimi
345 1607 497 1671 Florentis
522 1607 706 1671 Tertulliani
728 1607 877 1671 librorum
900 1606 1122 1685 recensionem,
1146 1623 1222 1687 opus

83 1714 220 1776 arduum
251 1712 387 1794 profecto
419 1716 450 1776 et
479 1712 651 1775 innumeris
682 1711 746 1774 fere
777 1709 1013 1774 difficultatibus
1036 1710 1223 1789 inuolutum,

84 1818 140 1899 qui
170 1820 243 1880 ante
274 1815 404 1899 longum
431 1816 578 1899 temporis
602 1816 739 1897 spatium
762 1833 795 1878 se
818 1815 1040 1896 praestiturum
1064 1832 1132 1877 esse
1154 1831 1225 1896 pro·

84 1923 219 1985 miserat
241 1921 438 2002 multumque
461 1921 500 1984 ad
523 1938 592 1984 earn
615 1919 859 2003 promouendam
883 1921 914 1982 et
932 1917 1046 1982 laboris
1064 1922 1094 1981 et
1109 1917 1225 2000 ingenii

85 2026 274 2106 contulerat,
290 2023 483 2108 Augustus
499 2023 790 2104 Reifferscheid,
814 2041 885 2087 curn
902 2025 974 2086 ante
990 2023 1048 2086 hoc
1063 2021 1225 2086 biennium

84 2133 288 2212 praematura
317 2132 417 2193 morte
449 2148 484 2192 ex
515 2128 731 2211 semiperfecto
762 2145 854 2210 opere
878 2129 1069 2206 auocaretur,
1099 2125 1225 2208 reliquit

85 2238 211 2316 praeter
234 2232 423 2298 conlationes
444 2232 587 2296 codicum
602 2231 795 2316 Agobardini
809 2230 1078 2313 Montepessulani
1093 2230 1225 2293 aliorum

86 2339 187 2420 ipsius
211 2338 353 2402 editionis
376 2337 523 2401 uolumen
546 2338 682 2421 primurn
705 2337 749 2401 ita
769 2336 973 2416 elaboratum,
997 2338 1032 2398 ut
1046 2335 1154 2416 paucis
1171 2337 1225 2397 aut

88 2443 218 2507 mutatis
243 2445 296 2506 aut
319 2442 432 2506 additis
454 2442 539 2524 prelo
562 2442 644 2505 tradi
665 2444 779 2524 posset.
816 2441 897 2522 quod
920 2443 954 2504 ut
977 2439 1224 2522 quamproxime

87 2546 178 2610 fieret
200 2546 425 2610 consulendum
448 2564 516 2609 esse
540 2547 729 2626 censuimus,
762 2546 816 2626 qui
839 2544 935 2609 tantis
958 2545 1096 2607 uirorum
1120 2544 1225 2607 docto-

88 2670 160 2715 runr
184 2651 342 2714 desideriis
365 2668 480 2714 nouam
496 2650 682 2714 Tertulliani
698 2668 826 2732 operum
841 2649 1054 2712 recensionem
1070 2645 1225 2730 expectari

89 2756 277 2836 uideremus,
309 2755 463 2837 simulque
493 2774 560 2817 rem
590 2755 634 2818 ita
666 2773 733 2818 esse
764 2753 998 2833 instituendam,
1029 2754 1064 2814 ut
1091 2750 1225 2833 nequid

89 2859 335 2924 Reifferscheidii
365 2859 482 2923 meritis
514 2859 726 2948 detraheretur
756 2857 890 2939 talisque
919 2857 1054 2939 prodiret
1080 2856 1156 2919 haec
1178 2875 1227 2919 re-

90 2965 204 3045 censio,
227 2965 350 3046 qualem
373 2965 477 3047 ipsum
501 2950 571 3054 eam
594 2962 750 3033 edit'drum
772 2963 869 3026 fuisse
892 2962 1085 3025 uidebamus.
1122 2961 1227 3042 itaque

91 3070 130 3133 ad
151 3087 226 3150 quos
250 3069 389 3133 editionis
414 3086 488 3131 cura
498 3050 650 3151 peruenit
666 3044 896 3155 ita'distributis
913 3065 1022 3130 officiis
1039 3065 1169 3148 egimus,
1193 3067 1228 3127 ut

90 3172 299 3236 Alexander
321 3172 596 3237 Reifferscheid
617 3170 933 3255 Gryphiswaldensis,
961 3170 1099 3233 defuncti
1121 3170 1227 3248 frater,

92 3280 258 3360 apparatus
289 3277 386 3341 critici
413 3295 485 3340 cum
507 3277 582 3360 ipsis
606 3277 747 3341 codicum
771 3274 997 3340 conlationibus
1021 3275 1120 3337 denuo
1144 3291 1228 3337 com-

90 3382 222 3464 parandi
253 3401 366 3446 munus
394 3383 576 3464 susciperet,
607 3380 816 3446 Guilelmus
839 3379 972 3443 Hartel
996 3382 1026 3443 et
1049 3377 1228 3460 Georgius

92 3487 272 3551 Wissowa
295 3490 326 3550 et
348 3487 430 3569 ipsas
450 3485 696 3551 Reifferscheidii
719 3485 848 3549 schedas
871 3483 1090 3567 relegeremus,
1113 3500 1185 3545 cunr
1204 3481 1230 3544 si

92 3592 166 3673 quid
197 3595 306 3655 contra
336 3594 494 3655 externam
524 3608 619 3672 quam
643 3590 730 3654 aiunt
752 3588 1004 3671 aequabilitatem
1027 3586 1229 3650 commissum

93 3700 159 3760 erat
182 3696 371 3778 corrigentes
394 3699 463 3758 tum
486 3713 564 3775 quae
593 3695 776 3776 imperfecta
798 3693 906 3758 relicta
929 3695 1017 3755 erant
1039 3691 1230 3774 supplentes,

94 3804 124 3864 et
147 3801 180 3863 in
200 3800 334 3883 plagulis
356 3799 545 3882 corrigendis
566 3799 730 3862 coniuncta
746 3815 839 3882 opera
855 3795 1100 3868 elaboraremus3
1126 3813 1232 3857 emen·

94 3907 235 3970 dationes
259 3923 332 3969 uero
357 3908 388 3968 et
411 3904 603 3968 coniecturas
627 3907 750 3967 nostras
775 3902 948 3966 addidimus
970 3918 1032 3964 non
1052 3900 1096 3963 ita
1116 3916 1231 3982 paucas

94 4029 163 4074 earn
188 4013 348 4073 seruantes
372 4010 486 4092 legem,
509 4012 545 4071 ut
567 4008 669 4072 nullas
693 4007 801 4071 autin
824 4005 992 4069 uerborum
1015 4006 1135 4067 textum
1155 4002 1232 4096 reci-

92 4134 239 4200 peremus
271 4119 325 4179 aut
352 4115 384 4177 in
411 4117 562 4198 apparatu
585 4113 690 4176 critico
714 4126 1041 4189 commemoraremus,
1072 4107 1133 4170 nisi
1156 4124 1232 4187 quas

93 4240 150 4285 nos
165 4222 261 4285 etiam
276 4220 336 4301 ipsi
350 4217 612 4297 Reifferscheidio,
637 4217 663 4280 si
679 4217 744 4280 fata
760 4216 917 4294 siuissent,
937 4213 1121 4295 probaturos
1137 4211 1232 4274 fuisse

95 4325 331 4390 confideremus.
378 4341 510 4406 quarum
533 4323 560 4386 si
584 4340 661 4403 quae
685 4322 834 4403 ampliore
865 4318 1065 4400 explicatione
1094 4315 1235 4396 indigent
