2820 4914
165 372 227 435 288
394 373 507 437 Quinti
527 372 664 440 Septimi
682 372 849 425 Florentia
868 371 1070 426 Tertulliani

164 548 382 630 prouocatione
405 548 615 611 commiserim
639 548 832 612 coniecturas
856 549 1039 613 coniecturis
1056 551 1089 612 et
1105 550 1219 611 tamen
1234 550 1307 630 puto

163 652 352 717 fidelioribus
382 652 603 734 repercutiens.
641 652 814 733 uideamus,
846 671 885 716 an
917 653 1031 734 aliquid
1062 652 1126 716 tale
1157 650 1249 716 nobis
1272 652 1307 714 de

163 757 371 821 uetustatibus
395 775 515 838 quoque
539 757 759 838 patrocinetur.
797 757 828 820 in
844 757 946 820 Exodo
969 734 1095 819 habitus
1115 756 1173 820 ille
1189 755 1307 838 Moysis

163 862 313 925 aduersus
343 859 496 925 Amalech
527 860 717 925 orationibus
748 861 929 943 proeliantis
960 878 1059 942 usque
1089 859 1123 924 in
1161 878 1307 923 occasum

123 992 135 1030 5
161 984 365 1049 perseuerans
389 984 491 1029 nonne
515 967 606 1029 statio
630 966 688 1029 fuit
715 968 804 1029 sera?
842 965 949 1028 Iesum
970 965 1060 1028 Naue
1091 963 1306 1029 debellantem

161 1070 371 1135 Amorrhaeos
394 1069 556 1152 prandisse
578 1071 632 1133 illa
655 1069 702 1133 die
727 1070 939 1133 existimamus
964 1087 1025 1151 qua
1040 1068 1119 1152 ipsis
1138 1068 1303 1133 elementis

162 1176 328 1239 stationem
359 1175 547 1256 imperauit?
586 1174 693 1237 stetit
727 1174 780 1237 sol
816 1174 853 1237 in
884 1172 1041 1238 Gabaon
1073 1175 1109 1237 et
1146 1174 1237 1237 luna
1270 1173 1304 1235 in

160 1278 310 1360 Aialon,
335 1279 446 1343 stetit
468 1278 522 1341 sol
546 1281 582 1341 et
604 1278 691 1342 luna
713 1278 749 1340 in
774 1279 952 1358 statione,
981 1277 1096 1341 donec
1120 1278 1226 1341 ultus
1250 1280 1302 1340 est

161 1385 319 1467 populus
343 1383 385 1446 de
410 1383 575 1445 inimicis
599 1382 691 1462 suis,
716 1386 752 1446 et
775 1383 887 1446 stetit
907 1383 961 1446 sol
981 1382 1098 1446 medio
1122 1382 1239 1446 eaelo.
1266 1383 1300 1443 ut

110 1514 134 1553 ιο
162 1493 284 1552 autem
308 1487 511 1552 accedebat
534 1487 568 1550 in
592 1504 763 1551 occasum
788 1490 824 1550 ct
847 1487 961 1550 finem
986 1486 1060 1550 diei
1080 1487 1210 1566 unius,
1234 1503 1298 1549 nou

160 1593 232 1656 fuit
255 1593 333 1655 dies
357 1592 445 1655 talis
469 1595 569 1655 retro
594 1595 629 1654 et
647 1592 683 1654 in
704 1591 922 1671 nouissimo,
946 1590 1054 1672 utique
1070 1594 1140 1654 tam
1156 1590 1296 1674 prolixus,

160 1701 214 1777 ut,
238 1697 348 1777 inquit,
373 1695 567 1759 exaudiret
590 1695 678 1759 deus
705 1695 905 1776 hominem,
935 1713 1043 1779 parem
1070 1694 1193 1759 scilicet
1219 1693 1295 1772 solis,

160 1789 331 1864 instantem
352 1803 419 1863 tam
442 1799 493 1863 diu
517 1800 548 1862 in
573 1798 683 1879 officio,
708 1800 876 1864 stationem
898 1800 992 1863 etiam
1023 1816 1093 1862 sera
1116 1799 1294 1883 longiorem.

160 1909 241 1968 certe
257 1904 330 1969 Sard
355 1908 386 1968 et
408 1905 474 1986 ipse
496 1905 528 1967 in
550 1905 667 1986 proelio
690 1904 879 1968 constitutus
902 1903 1067 1967 manifeste
1083 1922 1203 1967 munus
1218 1901 1295 1966 istud

108 2035 132 2074 15
161 2009 284 2073 indixit:
316 2008 536 2072 maledictus
567 2008 686 2087 homo,
718 2009 778 2089 qui
809 2008 927 2072 ederit
948 2025 1079 2091 panem
1104 2007 1150 2071 ad
1172 2025 1295 2090 uespe-

160 2132 234 2177 ram
259 2132 388 2194 usque,
420 2112 503 2175 dum
533 2112 694 2176 ulciscar
717 2111 758 2174 dc
782 2112 931 2176 inimico
954 2129 1048 2191 meo,
1077 2114 1115 2175 et
1145 2128 1217 2175 non
1239 2129 1294 2194 gu·

160 2219 278 2282 stanit
311 2222 411 2281 totus
445 2217 604 2299 populus
640 2217 732 2297 eius,
767 2220 803 2280 et
836 2219 916 2281 tota
947 2220 1047 2280 terra
1078 2214 1292 2298 prandebat.

86 2350 89 2356 ·
159 2326 281 2387 tantam
316 2327 422 2385 autem
456 2321 530 2384 deus
564 2320 722 2404 praestitit
755 2322 974 2385 auctoritatem
1012 2321 1115 2385 edicio
1155 2319 1293 2385 stationis

159 2428 252 2507 illius,
276 2429 312 2489 ut
327 2426 489 2504 Ionathau,
512 2424 595 2488 filius
613 2424 724 2505 Saulis,
748 2443 938 2506 quamquam
953 2425 1081 2508 ignarus
1098 2423 1294 2488 ieiunationis

106 2558 132 2595 20
158 2533 318 2595 inseram
343 2530 487 2594 definitae
510 2534 638 2614 gustum
662 2531 765 2594 mellis
789 2530 968 2611 admiserat,
1000 2549 1015 2593 1
1061 2531 1144 2595 forte
1166 2548 1240 2594 mox
1261 2529 1294 2592 de

158 2637 269 2700 delicto
290 2637 331 2699 sit
347 2636 506 2699 traductus
524 2640 554 2699 et
570 2636 620 2698 uix
636 2655 691 2718 per
705 2653 831 2719 procem
845 2635 954 2719 populi
968 2634 1107 2717 periculo
1124 2639 1293 2718 exemptus.

158 2742 249 2824 gulae
280 2741 363 2804 enim
395 2740 469 2803 licet
498 2739 648 2822 simplicis
679 2759 749 2803 reus
780 2740 892 2804 fuerat.
931 2738 986 2803 sed
1017 2743 1049 2802 et
1070 2739 1187 2803 Daniel
1219 2755 1294 2803 anno

40 2839 43 2847 ’
157 2846 257 2927 primo
280 2844 362 2928 rogis
386 2843 484 2923 Darii,
508 2862 579 2906 cum
602 2844 723 2908 ieiunus
746 2844 778 2907 in
795 2860 883 2907 sacco
900 2847 931 2908 et
945 2843 1049 2907 cinere
1065 2843 1294 2927 exomologesin

158 2950 214 3012 deo
245 2953 360 3032 ageret,
393 2952 427 3011 ct
458 2947 589 3028 adhuc,
619 2948 730 3029 inquit,
760 2948 935 3029 loquente
965 2966 1020 3010 me
1047 2947 1083 3011 in
1113 2948 1294 3028 oratione,

106 3079 131 3117 oa
158 3072 241 3116 cccc
272 3054 344 3133 uir,
375 3070 480 3133 quem
510 3052 674 3116 uideram
708 3052 744 3116 in
779 3052 919 3116 somnis
953 3052 1077 3133 initio,
1113 3053 1296 3117 uelociter

158 3158 287 3221 uolans
313 3157 629 3240 appropinquauit
652 3157 742 3220 mihi
765 3156 871 3238 quasi
893 3157 982 3221 hora
1008 3157 1224 3240 uespertini
1247 3174 1296 3222 sa-

158 3261 305 3325 crificii.
345 3261 422 3325 haee
446 3261 505 3325 erit
528 3261 618 3325 statio
642 3280 711 3325 sera
731 3279 810 3343 quac
827 3260 865 3324 ad
880 3279 1044 3344 uesperam
1063 3261 1211 3326 ieiunans
1231 3260 1296 3346 piu-

156 3368 297 3450 guiorem
320 3367 491 3430 orationem
515 3365 571 3430 deo
594 3366 744 3430 immolat.

202 3470 250 3535 11.
276 3470 390 3535 Omnia
413 3475 518 3535 autem
541 3471 603 3534 ista
625 3471 715 3534 credo
738 3470 847 3553 ignota
869 3470 924 3550 eis,
955 3469 1008 3552 qui
1036 3470 1075 3533 ad
1098 3474 1212 3535 nostra
1233 3475 1297 3535 tur·

104 3602 130 3642 so
155 3576 280 3656 bantur,
311 3579 366 3640 aut
389 3576 455 3640 sola
477 3574 607 3640 forsitan
629 3575 773 3656 lectione,
805 3592 866 3639 non
890 3575 985 3638 etiam
1007 3575 1187 3640 intentione
1215 3593 1297 3640 oom-

260 3828 288 3896 7]
307 3826 359 3881 los.
374 3831 414 3891 10,
429 3830 461 3882 12
473 3843 510 3894 sq.
567 3827 610 3896 15]
631 3830 643 3883 1
658 3827 722 3895 Reg.
738 3828 778 3891 14,
791 3828 825 3882 24
838 3842 892 3894 sqq.
947 3825 993 3895 24]
1011 3826 1079 3880 Dan.
1093 3828 1118 3891 9,
1131 3828 1175 3883 21.

200 4061 283 4117 lsed
306 4063 363 4116 Lot
431 4061 621 4129 iimperauit.
646 4061 722 4115 stetit
743 4061 804 4130 BG,
827 4059 1001 4131 impetrauit?
1030 4063 1082 4116 stet
1109 4062 1163 4118 Urs
1223 4064 1291 4118 9ut

155 4153 244 4203 autem
262 4151 297 4218 B,
316 4152 343 4202 et
362 4164 415 4201 non
432 4150 504 4202 Pom
559 4151 590 4203 13
611 4149 737 4203 instantis
756 4151 812 4204 Ion
865 4149 979 4203 statione
998 4148 1078 4203 etiam
1098 4165 1158 4203 sera
1176 4148 1291 4219 longiore

155 4239 256 4292 orouolt
283 4237 408 4291 oehlerus
465 4239 494 4290 17
518 4252 571 4289 non
594 4236 743 4305 prandebat
765 4238 836 4292 Pam
900 4239 934 4292 20
963 4239 1033 4290 sorte
1059 4236 1109 4292 aa
1176 4240 1210 4293 23
1228 4236 1290 4290 ieiu-

155 4339 204 4375 nus
226 4323 411 4378 ocerannus
429 4324 456 4377 B
510 4325 692 4379 meratius
746 4327 779 4379 28
802 4324 949 4378 orationem
970 4324 1033 4378 cer:
1051 4324 1185 4379 rationem
1203 4325 1230 4381 B
