2828 4936
160 364 224 425 262
395 361 508 426 Quinti
528 362 664 429 Septimi
685 360 851 414 Florentia
870 359 1071 413 Tertulliani

161 537 213 600 ubi
237 538 275 600 ad
299 538 446 621 angelum
465 537 725 619 Thyatirenorum
749 538 875 620 spiritus
900 537 1029 600 mandat
1051 535 1168 600 hahere
1192 554 1225 598 se
1247 535 1295 598 ad·

160 661 268 704 uersus
282 661 364 721 eum,
377 642 459 722 quod
471 644 592 705 teneret
604 642 766 704 mulierem
780 640 913 720 lezabel,
930 658 1022 721 qnae
1040 660 1077 703 se
1093 638 1294 723 propheten

160 745 251 809 dicit
274 750 309 810 et
330 747 452 825 docet,
475 749 587 826 atque
608 746 756 808 seducit
778 763 906 809 seruos
930 762 1029 808 meos
1051 745 1096 808 ad
1116 744 1295 808 fornican-

160 850 242 913 dum
267 853 303 914 et
326 850 506 914 edendum
537 850 579 912 de
610 850 841 931 idolothytis.
888 853 923 912 ct
950 850 1113 933 largitus
1142 867 1221 912 snm
1244 848 1296 911 illi

120 981 132 1019 e
159 954 338 1036 temporis
354 954 532 1037 spatium,
549 958 588 1017 ut
603 953 876 1036 paenitentiam
892 953 1021 1032 iniret,
1042 970 1109 1016 nee
1124 953 1209 1016 uult
1224 969 1294 1015 eam

158 1058 251 1121 inire
275 1057 421 1122 nomine
444 1057 718 1122 fornicationis.
744 1076 826 1121 ecoe
849 1056 942 1120 dabo
963 1074 1042 1120 eam
1057 1057 1095 1120 in
1111 1056 1250 1120 lectum
1265 1058 1296 1119 et

159 1162 332 1226 moechos
364 1163 443 1225 eius
473 1180 552 1225 cnm
584 1162 665 1244 ipsa
689 1162 724 1224 in
749 1162 945 1225 maximam
968 1178 1199 1244 pressuram,
1229 1159 1295 1222 nisi

158 1266 429 1348 paenitentiam
453 1265 601 1348 egerint
620 1284 768 1347 operum
791 1266 879 1329 eius
912 1264 992 1328 bene
1008 1269 1115 1328 autern
1131 1264 1215 1346 quod
1231 1282 1296 1346 apo-

159 1369 247 1432 stolis
271 1372 303 1432 et
325 1368 397 1433 fidei
421 1373 452 1433 ct
475 1369 654 1452 disciplinae
673 1369 790 1452 regulis
806 1370 960 1433 conuenit.
996 1369 1076 1431 siue
1100 1369 1199 1432 enirn
1222 1385 1295 1450 ego,

108 1504 133 1542 ιο
160 1473 272 1554 inquit,
297 1473 377 1536 siue
400 1472 472 1553 illi,
496 1473 550 1536 sic
572 1474 840 1556 praedicamus.
874 1473 970 1537 totius
993 1473 1098 1554 itaque
1115 1471 1297 1536 sacramenti

159 1577 291 1641 interest
312 1577 390 1640 nihil
414 1577 537 1640 credere
561 1577 599 1640 ab
624 1577 763 1641 Iohanne
786 1596 969 1642 concessum
992 1577 1074 1658 quod
1099 1594 1117 1639 a
1139 1577 1239 1640 Panlo
1260 1575 1296 1639 sit

160 1681 358 1764 denegatum.
410 1681 490 1744 hanc
521 1683 742 1763 aequalitatem
773 1683 900 1764 spiritus
932 1681 1032 1745 sancti
1065 1682 1120 1762 qui
1154 1680 1295 1745 obserua-

159 1787 253 1866 uerit,
278 1785 405 1868 abipso
429 1787 598 1850 deducetur
620 1788 653 1849 in
677 1806 786 1851 sensus
812 1791 886 1851 eius.
933 1787 1124 1850 haereticam
1150 1787 1234 1850 enirn
1256 1786 1294 1848 f·

158 1890 293 1970 minam,
317 1909 396 1971 quae
420 1891 500 1972 quod
525 1891 673 1955 didicerat
696 1909 714 1954 a
736 1892 897 1955 Nicolaitis
920 1891 1029 1955 doecre
1052 1893 1247 1973 susceperat,
1268 1889 1295 1952 in

107 2021 131 2061 15
160 1995 323 2058 ecclesiam
347 1995 480 2059 latenter
502 1996 721 2060 introducebat
744 1999 775 2060 et
798 1997 909 2060 merito
936 1997 975 2059 ad
998 1996 1228 2078 paenitentiam
1249 2013 1294 2057 ur·

159 2098 261 2182 gebat.
297 2099 346 2163 oui
370 2100 454 2163 enim
477 2099 605 2163 dubium
629 2105 678 2164 est
700 2101 892 2165 haereticum
916 2100 1112 2164 institutione
1136 2101 1293 2182 deceptum

158 2204 281 2285 cognito
305 2204 505 2286 postmodum
529 2222 604 2268 casu
627 2209 659 2268 et
680 2205 874 2288 paenitentia
895 2205 1016 2287 expiato
1037 2208 1068 2268 et
1084 2205 1213 2269 ueniam
1229 2223 1294 2268 con·

158 2307 245 2388 sequi
276 2309 307 2370 et
336 2307 368 2370 in
396 2307 560 2370 ecclesiam
583 2308 702 2392 redigi?
747 2309 829 2372 unde
854 2313 885 2372 et
908 2310 989 2392 apud
1013 2326 1086 2388 nos,
1117 2313 1154 2373 ut
1179 2310 1293 2374 ethnico

157 2429 227 2494 par,
258 2411 355 2474 immo
380 2415 410 2475 et
433 2431 525 2494 super
549 2412 724 2492 ethnicum,
748 2414 922 2477 haereticus
947 2413 1040 2477 etiam
1063 2432 1120 2496 per
1144 2413 1294 2496 baptisma

105 2543 131 2581 ao
157 2515 299 2580 ueritatis
330 2517 461 2597 utroque
492 2517 618 2579 nomine
648 2521 799 2601 purgatus
831 2517 1015 2582 admittitur,
1063 2521 1118 2581 aut
1149 2518 1175 2580 si
1199 2520 1293 2581 certus

158 2639 190 2683 es
214 2619 378 2683 mulierem
401 2620 488 2683 illam
511 2623 581 2703 post
603 2620 697 2684 fidem
722 2621 827 2684 uiuam
852 2621 886 2684 in
908 2621 1051 2685 haeresin
1074 2625 1185 2703 postea
1201 2620 1293 2702 exspi-

156 2741 257 2802 rasse,
289 2726 324 2786 ut
347 2741 408 2787 uon
432 2727 520 2805 quasi
543 2725 732 2805 haereticae,
766 2726 820 2789 sed
843 2727 932 2807 quasi
955 2725 1039 2789 fideli
1061 2725 1229 2808 peccatrici
1250 2724 1292 2788 cui

157 2828 281 2891 ueniam
304 2847 340 2891 ex
363 2829 556 2911 paenitentia
578 2830 727 2909 uindiceS,
752 2849 826 2894 sane
846 2834 919 2914 agat
935 2831 1174 2913 paenitentiam,
1197 2830 1290 2895 sedin

156 2931 252 2994 finem
276 2933 444 3012 moechiae,
469 2950 530 2996 non
554 2936 661 2997 tamen
680 2938 711 2997 et
725 2935 956 2998 restitutionem
972 2937 1187 3000 consecutura.
1222 2935 1291 2998 haec

105 3062 130 3102 es
158 3036 240 3098 enim
264 3036 323 3099 erit
344 3036 544 3119 paenitentia,
570 3055 665 3118 quam
688 3040 719 3101 et
741 3056 797 3101 nos
821 3038 926 3102 deberi
949 3038 1075 3120 quidem
1099 3039 1291 3122 agnoscimus

156 3139 255 3202 multo
279 3140 391 3223 magia,
415 3140 469 3204 sed
493 3141 530 3204 de
553 3141 646 3204 uenia
669 3141 725 3205 dco
747 3160 955 3206 reseruemus.
1002 3143 1133 3225 denique
1159 3162 1196 3207 ca
1214 3142 1291 3225 Apo·

156 3246 290 3328 eclypsis
320 3246 351 3309 in
381 3246 604 3329 posterioribus
627 3248 829 3329 propudiosos
853 3251 885 3311 et
907 3248 1123 3328 fornicatores
1155 3248 1237 3312 sicut
1258 3247 1291 3311 ti·

156 3350 256 3414 midos
288 3354 319 3414 et
348 3351 523 3414 incredulos
555 3354 586 3414 et
616 3351 787 3415 homicidas
818 3355 850 3415 et
875 3351 1029 3416 uenefioos
1054 3355 1085 3416 et
1107 3352 1291 3430 idololatras,

156 3455 209 3536 qui
232 3455 295 3519 tale
318 3455 392 3535 quid
413 3455 445 3518 in
468 3455 528 3519 lide
552 3455 681 3535 fuerint,
711 3455 743 3518 in
770 3458 920 3539 stagnum
942 3456 1023 3540 ignis
1048 3456 1114 3520 sine
1137 3457 1203 3521 ulla
1226 3474 1292 3520 con·

104 3585 129 3622 eo
157 3559 299 3622 dicionali
323 3559 523 3623 damnatione
546 3559 691 3622 decreuit.
730 3579 792 3624 non
816 3560 900 3624 enirn
923 3561 960 3623 de
984 3561 1116 3624 ethnicis
1140 3561 1293 3625 uidebitur

156 3681 274 3746 sapere,
298 3682 370 3726 cum
394 3663 431 3726 dc
454 3662 598 3727 fidelibus
621 3663 845 3746 pronuntiarit:
870 3664 931 3746 qui
955 3664 1131 3744 uicerint,
1155 3665 1294 3729 heredi·

260 3816 288 3886 9]
309 3819 321 3871 1
343 3817 401 3872 Cor.
416 3821 455 3881 15,
472 3820 511 3872 ll.
570 3818 615 3886 31]
634 3817 715 3886 Apoc.
729 3821 770 3883 21,
785 3822 799 3874 7
813 3835 850 3886 sq.

199 3958 330 4009 ‘iteneret
347 3955 375 4022 (J,
394 3974 444 4011 oria.
458 3957 485 4009 B
538 3955 676 4009 mulierem
694 3956 722 4023 0,
741 3956 836 4010 mulier
849 3958 875 4010 B
929 3957 1071 4026 prophetin
1086 3959 1150 4013 Scol
1203 3960 1239 4014 20
1252 3975 1297 4012 no·

156 4043 227 4094 mine
244 4043 316 4096 Lot:
337 4042 444 4095 homine
468 4044 495 4095 B
564 4045 596 4098 21
616 4059 643 4095 es
667 4045 731 4099 Urs:
753 4046 794 4096 est
816 4045 843 4098 B
914 4044 1035 4098 haeresin
1058 4046 1123 4100 Urs:
1145 4045 1250 4098 haeresi
1271 4045 1298 4100 B

155 4132 190 4184 22
206 4129 353 4182 haereticae
368 4130 432 4184 Gal:
449 4128 581 4182 haeretico
595 4130 621 4182 B
674 4131 716 4184 cui
729 4149 779 4186 om.
796 4131 845 4185 Gal
909 4133 942 4186 23
955 4131 1074 4185 uindicet
1088 4131 1139 4186 Gcl
1192 4132 1221 4185 in
1233 4132 1298 4188 aad.

157 4216 207 4269 Ger
268 4218 301 4270 24
319 4216 400 4268 finem
419 4217 488 4284 Rip:
506 4215 586 4267 fidem
605 4217 633 4270 B
690 4219 723 4272 26
742 4234 772 4270 ea
790 4219 839 4272 del.
853 4219 997 4272 Hartciius
1056 4221 1089 4273 29
1109 4217 1210 4272 fuerint
1234 4221 1301 4275 Urs:

155 4300 237 4354 fuerit
253 4303 281 4356 B
334 4305 366 4356 31
384 4301 576 4355 haereditatem
587 4301 725 4357 habebunt
737 4304 817 4357 istam
829 4306 864 4373 B,
884 4304 1047 4358 haereditate
1060 4303 1197 4359 habebunt
1208 4305 1262 4372 ista
1276 4298 1304 4359 C
