2820 4914
224 388 288 453 232
458 385 571 451 Quinti
589 383 726 453 Septimi
744 382 909 437 Florentis
927 379 1129 435 Tertulliani

223 567 326 647 legem
349 567 380 627 et
401 561 591 645 prophetas?
627 559 731 643 posuit
760 558 855 642 igitur
884 557 954 622 illos
976 557 1009 622 in
1030 556 1191 640 parabola,
1216 557 1277 620 etsi
1302 573 1360 620 non

224 669 331 751 quales
355 670 452 746 erant,
481 666 535 729 sed
558 665 664 748 quales
689 683 757 728 esse
780 662 961 742 debuerant,
991 679 1052 743 quo
1075 661 1178 745 magis
1204 660 1358 726 suffunde·

223 777 340 853 rentur,
372 772 439 836 aliis
469 773 501 834 et
530 787 592 834 non
624 769 682 833 sibi
709 767 935 851 paenitentiam
958 765 1118 831 audientes
1141 766 1354 830 necessariam

224 877 350 961 perinde
373 876 539 940 drachmae
554 873 747 957 parabolam,
770 876 806 936 ut
826 891 862 936 ex
878 872 987 936 eadem
1003 870 1134 934 materia
1148 874 1353 954 prouocatam,

188 1011 200 1048 s
226 1001 322 1064 aeque
346 981 378 1044 in
402 980 562 1045 ethnicum
585 979 835 1062 interpretemur,
859 976 918 1041 etsi
933 977 966 1040 in
981 975 1072 1040 domo
1088 976 1251 1056 amissam,
1274 975 1353 1057 quasi

223 1088 256 1150 in
286 1085 425 1164 ecelesia,
458 1083 517 1147 etsi
547 1083 587 1147 ad
617 1084 760 1147 lucernae
790 1082 897 1145 lumen
927 1083 1093 1163 repertam,
1124 1080 1217 1161 qnasi
1245 1079 1284 1145 ad
1311 1080 1353 1144 dei
1390 1124 1394 1135 .

224 1189 366 1254 uerbum.
391 1189 497 1270 atquin
520 1190 605 1252 totus
629 1186 837 1251 hismundus
860 1202 923 1248 una
944 1184 1086 1248 omnium
1109 1184 1222 1248 domus
1245 1187 1300 1264 est,
1324 1183 1352 1247 in

225 1312 285 1376 quo
309 1294 409 1376 magis
433 1292 556 1356 ethnico
579 1291 680 1375 gratia
703 1291 751 1355 dei
774 1291 901 1369 inlucet,
925 1289 977 1370 qui
992 1286 1179 1352 intenebris
1195 1288 1351 1367 inuenitm‚

226 1417 318 1481 quam
343 1396 529 1476 Christiano,
560 1396 614 1477 qui
644 1396 706 1458 iam
729 1395 761 1457 in
784 1393 834 1457 dei
856 1394 925 1457 luce
948 1394 1005 1456 est.
1044 1392 1177 1474 denique
1204 1395 1236 1456 et
1257 1392 1307 1456 oni
1327 1394 1353 1455 et

174 1531 199 1569 lo
225 1503 390 1566 drachmae
414 1520 494 1565 unus
519 1518 602 1565 error
626 1499 821 1563 adscribitur.
859 1515 934 1561 nam
956 1497 983 1561 si
1005 1497 1069 1560 iam
1091 1496 1124 1560 iu
1148 1494 1353 1561 Christianum

225 1611 418 1690 peccatorem
450 1603 679 1688 defingerentur
710 1606 781 1685 post
809 1600 903 1666 fidem
933 1601 1097 1684 perditam,
1129 1604 1161 1665 et
1191 1600 1355 1664 deiterata

226 1710 393 1774 amissione
428 1727 535 1773 eorum
567 1710 597 1771 ct
631 1707 828 1771 restitutione
862 1708 1058 1770 tractaretur.
1097 1705 1248 1769 decedam
1281 1723 1355 1769 nune

225 1815 383 1898 paulisper
405 1813 442 1876 de
465 1812 563 1896 gradu
586 1812 657 1891 isto,
680 1829 740 1892 quo
764 1810 863 1894 magis
887 1828 959 1873 eum
976 1809 1071 1873 etiam
1079 1809 1266 1874 decedendo
1281 1828 1356 1874 oom-

227 1917 382 1996 mendam,
410 1935 482 1980 cnm
506 1917 550 1980 sic
573 1934 695 1997 queque
719 1913 873 1979 obduxero
896 1914 1037 1977 diuersae
1060 1913 1156 1996 partis
1179 1931 1358 1997 praesump-

175 2048 200 2088 15
227 2023 353 2086 tionem.
391 2022 516 2085 condico
533 2020 744 2085 Christianum
767 2019 830 2082 iam
849 2021 1043 2101 peccatorem
1065 2017 1098 2082 in
1113 2017 1268 2101 parabola
1282 2022 1359 2083 utra-

226 2145 285 2207 que
301 2125 454 2208 portendi,
478 2143 540 2188 non
556 2128 662 2188 tamen
678 2123 746 2187 ideo
764 2142 836 2186 enm
852 2121 1089 2202 adfirmandum,
1106 2123 1160 2204 qui
1175 2122 1213 2186 de
1229 2124 1359 2188 facinore

227 2230 383 2293 meschiae
408 2233 439 2293 et
460 2229 672 2292 fornicationis
694 2227 817 2291 restitui
833 2246 888 2308 per
902 2227 1128 2310 paenitentiam
1143 2228 1255 2310 possit.
1294 2229 1362 2292 licet

228 2334 312 2398 enim
335 2333 453 2416 perisse
477 2333 607 2412 dicatur,
639 2332 697 2394 erit
720 2331 810 2394 etde
833 2331 1012 2414 perditionis
1040 2350 1154 2414 genere
1184 2335 1360 2412 retractare,

227 2439 300 2520 quia
323 2441 353 2501 et
376 2437 443 2501 ouis
467 2456 528 2500 non
552 2436 720 2515 moriendo,
745 2436 799 2499 sed
823 2435 952 2498 errando
976 2438 1008 2498 et
1030 2434 1180 2499 drachma
1194 2455 1259 2501 non
1275 2437 1362 2501 inter·

175 2570 201 2607 so
227 2543 327 2622 iendo,
352 2542 406 2605 sed
428 2540 581 2605 latitando
604 2541 771 2623 perierunt.
811 2541 855 2603 ite
877 2540 951 2603 lieet
973 2540 1032 2603 dici
1048 2539 1178 2622 perisse,
1202 2542 1289 2623 quod
1307 2541 1363 2605 sal·

227 2666 302 2710 uum
334 2650 389 2710 est.
428 2645 510 2727 perit
540 2646 634 2729 igitur
664 2648 696 2707 et
718 2643 818 2707 fidelis
842 2644 966 2726 elapsus
990 2643 1022 2707 in
1046 2645 1267 2725 spectaculum
1293 2664 1361 2728 qua

228 2751 354 2836 drigarii
384 2750 495 2814 furoris
527 2752 557 2812 st
580 2749 753 2832 gladiatorii
777 2749 894 2812 cruoris
919 2751 950 2811 et
972 2749 1129 2812 scaenicae
1153 2749 1314 2815 foeditatis
1335 2752 1361 2814 et

227 2856 363 2938 xysticae
387 2854 545 2933 sanitatis
568 2853 600 2916 in
620 2853 718 2932 lusus,
742 2853 773 2915 in
790 2852 933 2916 conuiuia
948 2853 1115 2916 saecularis
1131 2853 1358 2932 sollemnitatis,

229 2959 255 3021 si
278 2959 311 3021 in
334 2957 483 3037 officinm,
506 2958 539 3020 in
562 2956 773 3021 ministerium
797 2957 917 3020 alienae
939 2956 1131 3021 idololatriae
1149 2958 1271 3039 aliquas
1287 2961 1357 3023 artes

177 3089 202 3128 2⁵
230 3061 371 3125 adhibuit
401 3064 454 3124 aut
484 3061 666 3124 incuriosius
696 3061 728 3123 in
758 3060 890 3124 uerbum
925 3060 1068 3144 ancipitis
1102 3062 1281 3145 negationis
1312 3063 1358 3125 aut

228 3165 442 3247 blasphemiae
472 3165 610 3247 impegit.
650 3163 688 3228 ob
720 3164 782 3227 tale
814 3165 887 3246 quid
919 3169 1004 3229 extra
1033 3184 1163 3249 gregem
1195 3166 1289 3231 datus
1317 3167 1357 3229 est

229 3269 279 3332 uel
302 3273 334 3333 et
356 3269 422 3351 ipse
444 3269 523 3332 forte
546 3269 592 3332 ira
613 3272 735 3332 tumore
758 3269 976 3350 aemulatione,
1005 3269 1086 3351 quod
1115 3270 1253 3352 deniqne
1275 3287 1355 3352 saepe

274 3547 286 3600 1
306 3547 333 3598 et
352 3545 373 3597 si
391 3546 474 3615 culpo
526 3543 665 3613 iperinde
677 3545 789 3613 scripsi:
806 3543 917 3613 proinde
929 3547 957 3599 Β
1008 3548 1074 3615 tsq.
1087 3547 1117 3600 in
1129 3546 1273 3602 drachmae
1289 3562 1355 3618 para

228 3632 290 3686 bola
312 3634 343 3685 ut
365 3648 395 3685 ex
417 3630 508 3684 eadem
532 3632 644 3685 materia
665 3634 808 3700 prouocata
834 3647 915 3701 aeque
942 3632 1077 3687 ethnicum
1105 3632 1264 3688 drachmam
1285 3635 1356 3689 inter·

229 3722 365 3789 pretamur
396 3720 447 3774 Urs
518 3723 533 3773 5
561 3719 588 3771 in
616 3718 753 3772 ethnicum
780 3717 808 3785 O,
836 3718 972 3771 ethnicum
995 3720 1022 3773 Β
1092 3722 1108 3776 8
1130 3720 1160 3773 in
1182 3721 1290 3775 ethnico
1313 3722 1356 3778 Urs

230 3809 245 3861 9
264 3806 292 3859 in
310 3803 461 3858 Christiano
479 3806 520 3872 Β,·
538 3805 565 3857 in
585 3806 634 3859 dcl.
648 3806 719 3859 Pom
781 3807 811 3861 11
832 3804 1036 3873 defingerentur,
1055 3807 1116 3874 post
1133 3805 1216 3860 fidem
1234 3807 1358 3877 perditam

228 3895 311 3963 welpo
375 3895 407 3948 12
432 3891 538 3944 amissio
564 3891 613 3946 Gal
675 3893 809 3946 restitutio
832 3894 970 3946 notaretur
993 3893 1044 3947 Get
1106 3895 1137 3949 15
1165 3894 1276 3949 condico
1305 3896 1359 3952 Gal:

230 3997 290 4033 cum
310 3978 368 4031 dico
386 3980 413 4033 Β
477 3981 509 4033 18
527 3982 553 4031 et
572 3978 603 4031 de
627 3979 655 4047 G,
674 3979 706 4032 de
725 3982 752 4034 B
815 3982 847 4035 19
865 3978 1022 4033 intereundo
1039 3981 1097 4035 Lat
1149 3982 1359 4037 cassanicis

229 4068 263 4120 23
283 4067 330 4118 aut
348 4064 369 4117 si
389 4065 416 4117 in
434 4064 509 4118 lusus
525 4063 650 4120 Oebleras
714 4068 748 4120 24
766 4066 788 4118 si
806 4067 906 4120 addidi
966 4065 1067 4134 aliquas
1085 4068 1120 4133 B,
1139 4066 1276 4123 maleficas
1295 4070 1361 4137 acal,

230 4152 346 4221 magicas
359 4152 432 4206 Hild
484 4153 517 4207 25
537 4155 583 4205 aut
595 4153 694 4207 addidi
746 4153 904 4207 incuriosius
921 4155 1033 4223 scripsi:
1051 4153 1214 4208 curiositatis
1227 4157 1264 4226 B,
1283 4157 1361 4210 curio

231 4239 322 4292 sitates
341 4239 484 4292 Hartelics
549 4238 571 4290 si
590 4238 618 4290 in
636 4238 747 4294 uerbum
765 4241 889 4297 oehlerus
953 4240 1101 4308 negationis
1119 4242 1190 4296 Lat:
1208 4243 1362 4312 negotiatio

231 4326 271 4378 nis
290 4328 317 4380 Β
369 4328 415 4378 aut
433 4324 612 4395 blasphemiae
630 4345 681 4383 om.
694 4328 766 4383 Pam
836 4330 869 4383 27
891 4328 931 4381 ira
948 4330 1053 4382 tumore
1073 4318 1135 4385 Geir
1155 4318 1264 4385 iratum
1279 4332 1363 4388 oreB
