2820 4914
449 386 471 440 Ι.
491 386 535 439 De
553 384 752 467 spectaculis
772 387 846 440 1-2.
1191 387 1211 449 3

74 561 184 626 hibeat
206 579 284 643 quae
314 561 403 626 instit
426 561 458 641 't,
490 561 587 644 simul
611 578 689 641 quae
718 560 766 623 uis
797 560 839 623 sit
861 560 989 643 aepnula
1018 579 1055 622 er
1082 560 1211 625 aduerso

75 665 288 730 adulterandis
303 665 412 729 usibus
436 665 561 749 diuinae
584 662 784 748 conditiopis,
808 663 881 745 quia
902 682 1003 745 neque
1018 664 1211 728 uoluntatem

75 788 178 851 neque
209 770 426 854 aduersarium
457 768 580 833 noueris
611 768 683 853 eius,
712 785 806 849 quem
838 768 940 831 minus
971 767 1104 831 noueris.
1149 785 1212 835 uon

76 892 151 958 ergo
174 874 232 938 hoc
254 875 356 938 solum
377 874 610 957 respiciendum
633 875 691 953 est,
718 889 737 936 a
759 889 826 957 quo,
847 873 951 936 omnia
973 872 1038 936 sint
1058 872 1210 952 instituta,

75 980 132 1043 sed
155 997 174 1042 a
198 997 257 1061 quo
280 997 439 1043 conuersa.
483 979 528 1042 ita
551 979 637 1062 enim
665 977 840 1062 apparehit,
871 977 921 1041 cui
943 978 1013 1041 usui
1039 978 1101 1042 sint
1123 978 1213 1041 insti·
1251 998 1263 1036 s
1340 1010 1343 1014 -

76 1087 157 1164 tnta,
181 1085 207 1147 si
222 1087 378 1166 appareat,
402 1083 451 1147 oui
474 1101 545 1147 non.
584 1083 724 1166 multum
745 1082 875 1147 interest
896 1082 983 1167 inter,
1004 1083 1211 1164 corruptelam

76 1191 109 1251 11
132 1188 356 1272 integritatem,
387 1188 459 1270 quia
481 1187 617 1251 multum
641 1191 688 1251 ast
710 1187 795 1271 inter
817 1186 1032 1270 institutorem
1063 1189 1094 1250 et
1115 1186 1212 1250 inter-

75 1292 258 1375 polatorem.
290 1295 427 1357 aeterum
442 1310 551 1356 omnes
567 1291 685 1373 species
702 1291 874 1376 malorum„
891 1308 969 1372 quae
986 1290 1082 1354 etiam
1098 1290 1213 1354 ethnici

75 1401 113 1461 ut
135 1397 312 1461 indubitata
334 1400 365 1461 11
386 1395 552 1480 prohibent
572 1399 610 1480 ,et
632 1395 816 1480 defendunt„
844 1415 880 1458 ex
903 1395 1045 1478 operibus
1069 1395 1117 1459 dei
1139 1381 1226 1460 cons

75 1504 173 1565 stant.
218 1500 304 1565 uides
327 1500 527 1565 homicidium
549 1501 631 1564 ferro
659 1518 783 1584 ueneno
806 1500 943 1585 magicis,
964 1499 1211 1564 deuinctionibus
1240 1520 1264 1558 10

74 1604 198 1688 perfici:
222 1608 288 1669 tam
310 1605 428 1669 ferrum
452 1606 571 1669 deiros
595 1607 643 1668 est
666 1597 763 1685 quam¹
781 1604 912 1688 lherbae,
936 1622 1035 1690 quam,
1056 1606 1078 1687 †
1099 1604 1210 1687 angeli.

75 1709 230 1791 numquid
252 1709 405 1773 tamenin
428 1709 563 1773 hominis
588 1726 696 1772 necem
712 1711 818 1772 auctor
840 1708 902 1772 ista
916 1709 1073 1791 prouidit?
1104 1709 1212 1789 atquin

10 1824 62 1876 >ov
75 1833 204 1878 omnem
226 1813 384 1878 homicidii
407 1814 542 1896 speciem
566 1831 627 1877 uno
651 1816 683 1876 et
704 1813 871 1897 principali
891 1810 895 1896 1
915 1817 1079 1896 praecepto
1101 1813 1213 1897 iptcri-

75 1919 150 1982 mit:
174 1935 245 1982 non
269 1918 422 1982 occides.
461 1918 589 2000 proinde
605 1935 715 1981 aurum
732 1935 784 1980 aes
805 1920 972 2000 argentum
989 1917 1065 1980 ebur
1086 1917 1213 2000 lignum

56 2026 111 2086 -et
126 2040 338 2105 quaecumque
360 2022 549 2087 fabricandis
572 2022 661 2085 idolis
685 2021 817 2086 materia
839 2025 985 2105 captatur
1001 2021 1070 2103 quis
1092 2021 1129 2105 i,n
1145 2039 1213 2084 sac·
1240 2042 1264 2081 15

74 2127 147 2190 culo
169 2127 273 2210 posuit
291 2127 353 2191 nisi
369 2128 483 2191 saeculi
506 2130 613 2190 auctor
629 2127 726 2190 deus?
757 2126 908 2208 numquid
931 2129 1047 2207 tamen,
1068 2126 1212 2210 Ι1111111

76 2231 233 2308 aduersus¹
251 2232 354 2314 ipsum
371 2232 558 2296 adorentur?
592 2231 699 2313 atquin
722 2249 846 2295 summa
868 2230 986 2294 offensa
1007 2249 1107 2314 pques
1122 2229 1212 2293 illum

74 2335 264 2420 idololatria.
310 2336 384 2417 quid
407 2353 468 2399 non
492 2336 542 2399 dei
570 2335 722 2416 estquod
749 2335 842 2398 deum
870 2334 1018 2398 offendit?
1064 2335 1118 2398 sed
1140 2353 1211 2398 cum

73 2439 226 2524 offendit„
257 2441 306 2504 dei
328 2459 396 2504 esse
417 2440 519 2520 desiit,
550 2443 676 2504 etcum
703 2438 804 2519 desiit,
837 2438 973 2503 offendit.
1019 2439 1085 2521 ipse
1107 2439 1211 2519 homo,

76 2545 218 2608 omnium
233 2543 432 2629 fiagitiprum
448 2548 563 2625 auctor,
587 2563 648 2608 non
669 2547 793 2608 tantum
816 2562 892 2626 opus
908 2544 967 2624 dei,
990 2562 1100 2607 uerum
1116 2544 1212 2607 etiam
1238 2563 1263 2602 20

76 2648 181 2731 imago
205 2651 267 2722 est;
294 2652 336 2733 ,et
357 2652 464 2713 tamen
488 2653 519 2714 11
542 2667 666 2732 corpore
690 2651 721 2711 et
744 2648 853 2730 spiritu
876 2647 984 2711 desciit
1007 2666 1025 2711 a
1045 2665 1100 2711 suo
1123 2648 1212 2711 insti·

76 2756 189 2816 tutore.
236 2771 340 2835 uqque
363 2753 451 2837 enipn
474 2754 578 2817 oculos
602 2754 641 2817 ad
664 2753 946 2834 concupiscentiam
969 2751 1160 2834 sumpsimus
1181 2754 1212 2815 et

74 2856 221 2940 linguam
245 2856 284 2920 ad
306 2857 524 2941 maliloquium
554 2862 586 2922 et
608 2877 698 2922 aures
722 2857 761 2921 ad
785 2856 1017 2939 exceptaculum
1040 2856 1212 2938 maliloquii

73 2963 113 3043 ,et
134 2961 241 3042 gulam
264 2961 303 3024 ad
325 2962 420 3045 gplae
443 2961 562 3026 crimen
585 2965 616 3026 11
638 2966 781 3026 uentrem
804 2961 843 3025 ad
861 2962 953 3044 gulae
976 2961 1158 3025 societatem
1181 2963 1212 3023 11

73 3065 232 3148 ,genitalia
251 3065 290 3128 ad
313 3083 461 3150 erpessus
484 3065 696 3149 impudicitiae
719 3070 751 3130 11
765 3085 876 3130 manus
898 3066 937 3129 11
952 3065 1017 3128 uim
1040 3068 1069 3128 et
1085 3083 1210 3147 grossus
1238 3084 1263 3123 2⁵

183 3235 446 3305 mmmm

121 3376 222 3443 lquae
240 3377 276 3444 B,
299 3392 360 3429 cum
379 3378 406 3430 A
476 3376 517 3429 uis
539 3377 602 3431 cdd.
626 3377 742 3432 Ursinus
812 3393 878 3445 quae
902 3376 943 3430 uis
967 3377 1002 3430 sit
1026 3376 1130 3430 aemula
1152 3378 1223 3445 Urs,¹

74 3461 135 3530 quis
157 3462 193 3515 sit
215 3463 334 3516 aemulus
358 3463 436 3530 Pam,
463 3478 530 3530 quae
558 3463 611 3515 sint
639 3462 743 3516 aemula
769 3464 988 3519 Hildebroadius
1058 3463 1162 3517 diuerso
1184 3465 1211 3518 Β

76 3551 92 3603 2
111 3565 165 3616 qua
181 3550 208 3603 A
260 3552 277 3604 4
297 3565 312 3602 a
329 3550 392 3604 add.
417 3551 468 3605 Urs
525 3553 540 3604 5
560 3550 601 3602 cui
620 3550 680 3603 usui
698 3550 753 3603 sint
770 3550 839 3619 Rip:
857 3551 931 3603 cuius
949 3551 977 3602 ui
996 3550 1056 3604 sint¹
1068 3551 1104 3619 B,
1123 3551 1209 3604 ouius-

75 3636 117 3688 uis
133 3637 161 3690 A
214 3636 322 3689 fionius
341 3652 394 3690 nou
413 3636 467 3690 sint
484 3638 511 3691 B
560 3638 752 3708 SeptemmA
769 3639 809 3693 111
820 3640 875 3706 fere
887 3655 988 3707 semper
1038 3639 1211 3694 911111Β

76 3725 207 3775 constant.
229 3722 304 3776 uides
327 3724 396 3777 Ima:
418 3726 546 3778 coustant.
569 3723 610 3776 uis
631 3725 666 3788 Β,
692 3725 837 3778 constatuis
858 3726 894 3792 A,
918 3727 1048 3779 constant.
1072 3725 1123 3778 sois
1147 3726 1212 3781 Scal

77 3811 110 3864 10
129 3808 314 3864 deuotionibus
336 3810 444 3866 Celsius
499 3813 528 3865 11
549 3813 589 3864 est
606 3829 657 3867 om.
671 3813 698 3865 A
755 3811 854 3880 angeli]
873 3811 953 3864 anelli
970 3815 1033 3881 fort.
1083 3814 1115 3867 12
1134 3828 1212 3865 num-

76 3895 142 3962 quid
165 3895 359 3965 ...prouidit
386 3915 436 3953 om.
459 3899 486 3951 A
551 3913 641 3950 necem
668 3901 760 3952 auctor
787 3899 839 3952 ista
868 3899 930 3953 Get:
959 3915 1021 3951 nece
1048 3902 1088 3952 est
1112 3901 1210 3952 auctor.

75 3982 114 4035 ita
131 3983 158 4036 B
210 3982 329 4051 prodidit
346 3979 500 4038 Mcarsius'
540 3986 572 4039 13
590 3984 740 4038 homicidiis
758 3986 785 4038 A
838 3984 974 4038 interemit
990 3986 1018 4039 Β
1072 3988 1103 4040 15
1122 3988 1212 4054 capta-

75 4072 120 4122 tur
144 4070 207 4124 Gal:
234 4070 352 4138 capiatur
376 4071 403 4124 Β
465 4073 496 4125 17
520 4069 628 4124 offensio
647 4073 674 4126 B
736 4074 769 4127 18
792 4070 872 4124 latria
889 4073 924 4138 A,
951 4069 1101 4124 idololatria
1123 4075 1163 4124 est
1184 4072 1211 4125 Β

76 4155 130 4211 dfio
148 4159 175 4211 A
222 4157 381 4212 20111110
421 4159 453 4213 21
469 4156 619 4213 desciuitB
662 4161 697 4214 22
715 4159 978 4228 coucupiscentiasB
1022 4159 1166 4212 sumsimus
1184 4159 1211 4212 A

75 4243 291 4312 nequelinguam
305 4245 356 4303 Gcl
398 4245 670 4315 24111111111111110,
688 4246 838 4300 satietatem
855 4247 882 4300 B
926 4247 960 4300 25
978 4245 1210 4314 impudicitiae...

75 4347 180 4398 gressus
198 4349 249 4387 om.
263 4333 290 4385 A

1024 4418 1054 4470 1*
