2828 4936
212 366 276 430 224
440 365 555 432 Quinti
574 366 712 436 Septimi
732 367 898 421 Florentis
917 367 1119 422 Tertulliani

211 540 347 604 uidimus
371 542 402 604 13
426 542 502 605 (1333
527 543 635 606 exitus.
683 543 745 606 alia
768 547 858 607 erunt
881 543 1096 624 remissibilia,
1125 544 1187 608 alia
1210 544 1357 608 inremis-

211 645 322 709 sibilia.
362 648 534 710 secundum
557 648 638 728 qnod
663 648 781 711 nemini
805 648 934 711 dubium
959 652 1006 712 est
1030 649 1091 713 alia
1113 649 1355 732 castigationem

211 750 333 830 mereri,
357 751 419 814 alia
442 751 684 815 damnationem.
719 769 810 815 omne
834 752 984 816 delictum
1007 755 1061 816 ant
1084 753 1177 816 uenia
1193 753 1356 836 dispungit

212 857 265 917 aut
286 872 401 935 poena,
432 856 523 918 uenia
554 875 590 918 31
621 856 840 939 castigatione,
872 875 973 938 poena
999 876 1035 919 31(
1059 857 1270 921 damnatione.
1318 857 1354 920 de

172 983 184 1022 5
212 959 273 1022 1313
311 959 485 1023 differentia
522 960 585 1023 iam
621 964 651 1023 et
685 961 837 1041 quasdam
875 962 1095 1043 praemisimus
1134 962 1355 1026 altercationes

211 1063 436 1145 seripturarum
459 1064 531 1127 hinc
555 1065 755 1129 retinentium
778 1066 851 1127 hinc
875 1065 1099 1129 dimittentium
1128 1065 1254 1129 delicta.
1303 1066 1355 1128 sed

211 1170 243 1231 et
257 1167 413 1232 Iohannes
431 1168 566 1232 docebit:
591 1169 621 1231 si
637 1170 718 1249 quis
736 1169 809 1232 scit
824 1171 980 1233 fratrem
1003 1189 1109 1233 suum
1133 1170 1355 1251 delinquere

212 1272 390 1336 delictum
415 1291 484 1336 non
512 1274 555 1337 ad
586 1277 754 1352 mortem,
785 1273 997 1356 postulabit
1027 1279 1062 1338 et
1091 1274 1245 1338 dabitur
1276 1275 1357 1338 uita

212 1378 258 1450 31;
291 1378 376 1459 (1313
406 1396 477 1441 1133
509 1378 551 1441 31
583 1382 737 1442 13311331
761 1378 961 1460 delinquit,
992 1379 1050 1443 hoc
1074 1380 1132 1443 erit
1153 1378 1356 1443 remissibile.

160 1507 185 1545 13
212 1485 268 1545 331
291 1482 469 1546 delictum
494 1483 537 1545 ad
560 1487 729 1556 mortem3
753 1501 823 1546 333
847 1501 911 1565 pro
934 1484 1003 1546 illo
1023 1483 1117 1564 dicu,
1142 1486 1182 1547 ut
1198 1485 1282 1564 quis
1298 1502 1357 1566 po·

211 1586 344 1664 stulct,
368 1587 426 1649 1133
450 1587 508 1649 3111
531 1586 761 1650 inremissibile.
806 1587 850 1650 ita
873 1586 927 1650 ubi
951 1591 999 1650 est
1021 1587 1241 1671 postulationis
1266 1589 1357 1667 ratio,

210 1690 273 1754 illic
305 1692 399 1754 etiarn
430 1692 638 1764 remissionis;
669 1691 723 1754 ubi
754 1710 811 1754 nec
840 1692 1075 1773 postulationis,
1106 1692 1151 1756 ibi
1174 1711 1276 1773 aeque
1300 1710 1358 1756 neo

210 1795 412 1858 remissionis
467 1796 637 1859 secundum
668 1797 749 1859 harre
784 1795 993 1860 differentiam
1028 1796 1215 1860 delictorum
1247 1797 1358 1879 paeni-

211 1900 327 1962 tentiae
351 1917 472 1980 quoque
495 1900 634 1963 condicio
658 1901 899 1963 discriminatur.
947 1901 1008 1963 alia
1040 1901 1098 1964 erit
1124 1919 1205 1981 quae
1227 1901 1357 1964 ueniam

160 2027 185 2066 11
212 2004 360 2083 consequi
390 2004 502 2085 1133311,
533 2005 564 2067 13
592 2004 703 2067 (1311313
728 2004 846 2067 scilicet
868 2004 1062 2084 remissibili,
1094 2004 1155 2068 alia
1179 2023 1260 2087 quae
1285 2022 1358 2068 con-

212 2107 300 2189 sequi
330 2108 415 2171 nullo
446 2107 538 2171 modo
567 2109 680 2191 1133311,
711 2109 743 2171 13
775 2108 886 2171 (1311313
915 2108 1032 2172 scilicet
1054 2108 1279 2172 imemissibili.
1328 2112 1357 2171 31

212 2216 353 2294 superest
384 2212 558 2295 specialiter
588 2213 626 2275 de
657 2212 815 2276 moechiae
839 2216 871 2275 et
893 2212 1106 2276 fornicationis
1130 2215 1217 2277 statu
1240 2213 1344 2276 3131111

212 2333 296 2395 3313,
319 2316 351 2378 13
376 2334 470 2398 (133111
494 2316 677 2380 delictorum
699 2320 821 2399 partem
845 2316 980 2381 debeant
1002 2317 1107 2400 redigi.

255 2418 284 2483 3.
310 2418 370 2484 Sed
392 2422 476 2503 prius
500 2420 639 2484 decidam
663 2421 908 2485 intercedentem
929 2441 965 2484 31(
982 2422 1103 2485 (1133133
1118 2421 1357 2503 responsionem

160 2548 186 2587 13
213 2525 251 2588 ad
276 2543 344 2588 eam
371 2525 581 2606 paenitentiae
612 2527 761 2608 speciem,
794 2544 887 2607 quam
917 2544 989 2589 cum
1020 2526 1154 2589 maxime
1186 2523 1357 2589 definimus

212 2630 304 2692 33313
326 2647 440 2693 331313.
476 2630 616 2710 sienim,
640 2630 796 2711 1111131331,
820 2630 926 2711 aliqua
941 2631 1134 2712 paenitentia
1150 2634 1235 2693 caret
1250 2631 1356 2710 nenia,

211 2733 275 2797 iam
306 2752 362 2797 nec
392 2735 424 2797 in
455 2738 556 2797 totum
587 2734 708 2817 agenda
734 2734 791 2798 tibi
815 2738 869 2798 est.
916 2734 993 2798 nihil
1018 2735 1101 2798 enim
1125 2734 1286 2817 agendum
1309 2738 1357 2798 331

212 2838 336 2902 1133113.
372 2856 462 2920 porro
479 2839 597 2902 frustra
612 2842 721 2922 agetur
736 2838 939 2921 paenitentia,
964 2839 990 2902 si
1005 2842 1090 2903 caret
1111 2839 1215 2903 nenia.
1252 2839 1355 2903 omnis

212 2946 318 3006 autem
344 2943 534 3024 paenitentia
561 2943 681 3026 agenda
709 2946 766 3006 est.
803 2961 876 3026 ergo
903 2944 1004 3006 omnis
1028 2943 1153 3007 ueniam
1181 2961 1356 3024 consequa-

159 3071 185 3110 31
212 3049 277 3126 131,
311 3066 350 3110 33
385 3047 501 3111 1133113
537 3050 662 3130 agatur,
699 3047 773 3128 quia
809 3067 871 3112 non
908 3048 979 3127 erit,
1015 3049 1041 3112 si
1075 3050 1193 3112 frustra
1231 3052 1354 3132 agatur.

211 3169 302 3233 porro
332 3151 449 3215 frustra
480 3151 595 3235 agitur,
629 3152 655 3215 si
686 3152 777 3215 uenia
808 3150 934 3215 carebit.
982 3151 1092 3216 merito
1123 3152 1229 3234 itaque
1259 3171 1357 3237 oppo-

213 3258 304 3335 nunt,
328 3255 411 3337 quod
433 3255 527 3319 huius
551 3274 671 3338 quoque
694 3256 904 3338 paenitentiae
927 3257 1074 3335 fructum,
1097 3255 1128 3324 id
1151 3259 1200 3320 est
1216 3258 1357 3338 ueniam,

211 3361 242 3422 in
277 3378 334 3423 sua
366 3364 520 3442 potestate
555 3363 795 3441 usurpauerunt,
842 3363 995 3442 quantum
1030 3360 1112 3422 enim
1147 3360 1187 3424 ad
1219 3361 1306 3442 11133,
1338 3381 1358 3425 3

212 3464 322 3545 quibus
346 3483 457 3547 pacem
479 3465 649 3528 humanam
673 3465 883 3546 consequitur,
907 3464 1023 3528 frustra
1046 3465 1357 3547 agitur.1quantum

317 3680 344 3749 7]
365 3683 377 3736 1
398 3680 455 3735 33,
469 3683 493 3744 5,
507 3683 546 3736 13.

255 3883 272 3936 3
291 3880 429 3951 dispungit
447 3880 507 3949 BC,
527 3881 654 3949 expungit
674 3881 724 3935 oea
786 3885 801 3936 9
821 3881 843 3934 ei
862 3881 907 3949 qui
926 3897 979 3934 non
997 3881 1054 3936 Lot
1112 3883 1144 3936 ll
1163 3883 1358 3950 postulationis

212 3969 279 4022 ratio
307 3970 371 4024 Urs:
393 3967 579 4036 postulationis
602 3968 637 4035 B,
660 3968 847 4037 postulationis
870 3969 910 4021 uis
939 3968 1073 4037 oehlerus,
1099 3969 1292 4037 postulationis
1314 3972 1358 4026 ius

212 4057 355 4111 Hartelius
427 4055 654 4110 recedebam
724 4058 757 4110 20
780 4073 841 4109 3313
864 4056 977 4109 maxime
996 4055 1139 4110 definimus
1162 4058 1243 4111 uenia
1268 4075 1359 4114 carere

215 4142 277 4197 Gel:
295 4142 408 4195 maxime
427 4141 535 4195 definiui
554 4142 632 4194 uenia
650 4145 723 4195 caret
740 4144 767 4197 B
838 4145 871 4198 23
890 4143 962 4195 31331
979 4143 1036 4212 lap
1105 4145 1360 4203 2411331ωο31.-

212 4231 328 4284 ueniaB
382 4229 552 4297 consequitur
564 4230 620 4283 Lot
672 4232 706 4284 25
719 4230 769 4283 3111
782 4230 885 4298 agenda
899 4231 948 4284 oei
1001 4232 1034 4285 26
1048 4232 1142 4299 agetur
1157 4233 1210 4287 Urs
1266 4233 1359 4303 itaque

212 4319 247 4383 B,
266 4317 358 4384 utique
377 4316 415 4368 ita
432 4318 482 4371 Urs
535 4319 567 4371 27
588 4317 713 4384 (13331331
729 4317 779 4370 oea
831 4320 864 4372 29
883 4317 984 4370 frustra
1001 4317 1091 4385 agitur
1109 4318 1173 4372 add.
1191 4319 1361 4379 Oiaccoaiuc
