2820 4914
469 383 545 438 Vm.
564 385 608 437 De
626 383 789 452 pudicitia
809 386 918 439 19-20.
1198 384 1260 448 267

103 564 149 623 et
185 559 335 642 peperit
363 560 515 624 herbam
539 563 663 643 aptam
685 560 742 624 his
765 561 916 644 propter
938 578 1029 642 quos
1053 562 1089 624 et
1111 560 1262 640 colitur,

104 663 425 728 benedictionem
456 665 515 728 dei
542 665 797 747 consequitur3
825 664 1020 747 proferens
1044 667 1168 728 autem
1192 664 1263 747 spi-

110 785 186 832 nas
217 767 375 850 reproba
404 771 439 832 et
469 768 727 833 maledictioni
757 768 938 851 proxima,
969 768 1074 832 cuius
1105 767 1195 843 finis
1226 768 1262 832 111

112 872 365 936 exustionem.
411 873 469 937 hoo
500 873 552 955 qui
582 871 621 937 ab
653 873 800 956 apostolis
832 872 940 936 didicit
966 876 1091 937 etcum
1114 872 1262 955 apostolis

115 975 236 1056 docuit,
259 995 432 1058 numquam
447 976 577 1042 moecho
598 980 629 1040 et
650 977 830 1041 fornicatori
852 977 1022 1040 secundam
1036 976 1262 1059 paenitentiam
1302 1004 1314 1042 s

115 1080 309 1164 promissam
333 1080 372 1145 ab
396 1081 543 1164 apostolis
566 1085 664 1146 norat.
704 1082 819 1164 optime
845 1081 929 1145 enim
951 1082 1054 1164 legem
1076 1081 1263 1164 interpreta-

117 1185 215 1248 batur
245 1188 278 1248 et
302 1183 418 1268 figuras
442 1185 508 1249 eius
531 1186 593 1249 iam
616 1186 648 1249 in
671 1186 740 1269 ipsa
762 1186 895 1250 ueritate
919 1184 1074 1250 seruabat.
1121 1185 1263 1250 adhunc

119 1289 255 1371 denique
278 1289 415 1371 speciem
438 1289 620 1372 disciplinae
643 1289 680 1352 de
703 1291 824 1372 leproso
844 1293 972 1354 cautum
987 1289 1062 1354 fuit:
1087 1290 1116 1353 si
1140 1293 1263 1354 autem

121 1393 288 1458 uarietas
320 1393 538 1457 effloruerit
567 1395 604 1457 in
635 1397 755 1458 cutem
783 1397 957 1459 ettotam
980 1397 1104 1458 cutem
1127 1395 1264 1458 texerit

120 1517 139 1562 a
170 1498 293 1581 capite
323 1516 438 1580 usque
469 1498 512 1562 ad
541 1498 653 1581 pedes
684 1517 914 1582 peromnem
941 1501 1196 1582 conspectum,
1228 1502 1264 1562 et
1291 1525 1314 1563 ιο

121 1603 298 1667 sacerdos
329 1620 410 1666 cum
433 1602 584 1684 uiderit,
617 1602 836 1667 emundabit
859 1622 954 1683 eum,
985 1603 1159 1685 quoniam
1182 1620 1263 1666 oon-

119 1707 239 1771 uertit
261 1707 298 1770 in
322 1706 461 1787 album,
484 1707 642 1771 mundus
667 1711 731 1771 est.
767 1726 838 1790 qua
853 1726 939 1771 uero
956 1707 1013 1770 die
1029 1707 1132 1771 uisus
1148 1707 1263 1770 fuerit

118 1812 156 1875 111
192 1811 376 1875 eiusmodi
409 1813 509 1877 color
540 1813 663 1892 uidua,
700 1812 920 1894 inquinatus
955 1814 1019 1875 est.
1077 1828 1262 1875 conuersum

119 1915 205 1980 enim
236 1915 395 1979 hominem
428 1916 465 1980 de
495 1916 624 1999 pristino
655 1916 757 1980 carnis
789 1914 901 1980 habitu
931 1916 964 1979 in
991 1915 1158 1979 candorem
1181 1915 1262 1996 fidei,

117 2037 201 2101 quae
222 2019 335 2083 uitium
355 2023 386 2084 et
402 2022 526 2085 macula
541 2022 725 2085 aestimatur
740 2021 771 2083 111
788 2021 922 2101 saeculo,
946 2023 978 2084 et
993 2023 1096 2084 totum
1111 2023 1263 2084 nouatum
1291 2048 1314 2086 15

117 2124 275 2188 mundum
306 2125 406 2189 uoluit
431 2125 585 2208 intellegi,
615 2125 668 2207 qui
691 2125 754 2189 iam
778 2143 839 2189 non
864 2125 905 2188 sit
926 2125 1047 2205 uarius,
1075 2142 1138 2188 non
1161 2125 1203 2188 sit
1225 2125 1263 2189 de

116 2228 251 2312 pristino
283 2231 314 2292 et
342 2247 422 2293 nouo
446 2247 602 2312 aspersus.
650 2229 677 2293 si
700 2248 773 2293 uero
797 2232 868 2312 post
892 2228 1095 2293 abolitionem
1117 2229 1149 2292 in
1173 2232 1263 2293 uetu-

115 2336 235 2397 statem
267 2333 383 2415 aliquid
414 2353 450 2397 ex
479 2334 534 2397 illa
563 2334 723 2414 reuixerit,
754 2352 880 2398 rursum
910 2333 942 2397 111
973 2351 1065 2397 carne
1093 2334 1157 2397 eius
1181 2332 1263 2415 quod

116 2440 299 2502 emortuum
330 2438 441 2502 delicto
471 2438 646 2502 habebatur
676 2438 876 2502 immundum
906 2437 1035 2501 iudicari
1064 2455 1122 2500 neo
1147 2437 1263 2518 expiari

112 2544 183 2607 iam
207 2560 226 2606 a
248 2542 418 2606 sacerdote.
452 2543 497 2606 ita
520 2542 661 2606 moechia
684 2542 721 2605 de
743 2542 874 2624 pustino
898 2542 1034 2605 recidiua
1057 2544 1088 2604 et
1107 2540 1262 2605 unitatem
1289 2568 1315 2606 so

113 2647 194 2712 noui
216 2646 342 2727 coloriS,
367 2664 385 2710 a
407 2665 468 2728 quo
491 2647 594 2710 fuerat
618 2647 756 2727 exclusa,
780 2647 1012 2710 commaculans
1035 2644 1262 2709 immundabile

113 2750 305 2815 estuitium.
339 2751 417 2814 item
435 2750 594 2815 dedomo:
619 2751 650 2814 si
674 2768 765 2832 quae
789 2751 956 2813 maculae
980 2749 1262 2813 etcauositates

114 2855 368 2919 adnuntiatae
399 2855 435 2918 in
464 2854 675 2937 parietibus
711 2854 899 2919 sacerdoti
929 2854 1110 2934 fuissent,
1144 2854 1263 2936 prius-

114 2977 230 3042 quam
253 2959 433 3023 introiret
456 2959 498 3023 ad
521 2959 795 3042 inspIciendam
819 2977 912 3038 eam,
935 2957 1039 3022 iubet
1063 2957 1262 3022 auferride

115 3065 225 3128 domo
249 3063 385 3145 omnia,
413 3064 466 3128 ita
488 3064 677 3128 immunda
699 3082 771 3127 non
793 3064 920 3128 futura
943 3080 1034 3145 quae
1058 3063 1185 3127 domus
1209 3082 1263 3126 es·
1290 3088 1315 3128 25

116 3171 216 3232 sent.
263 3167 397 3232 dehinc
427 3168 686 3251 introgressus
718 3167 890 3231 sacerdos
919 3168 950 3231 si
972 3166 1185 3231 inuenisset
1208 3185 1263 3231 ca-

116 3272 306 3336 uositates
337 3272 584 3336 uiridicantes
615 3273 675 3336 uel
706 3272 965 3353 rubescentes,
999 3274 1034 3335 et
1069 3275 1264 3355 aspectum

119 3394 249 3440 earu-m
273 3375 511 3440 humiliorem
534 3376 630 3441 citra
650 3377 875 3460 parietinam
891 3376 1062 3457 formam,
1086 3376 1263 3448 exiretad

116 3482 269 3545 ianuam
303 3484 338 3544 et
373 3484 585 3545 secerneret
619 3480 764 3545 domum
801 3481 904 3544 illam
943 3484 1084 3564 septem
1122 3480 1261 3545 diebus

119 3583 256 3648 dehinc
287 3585 345 3648 die
379 3585 539 3667 septima
563 3604 760 3668 regressus
784 3585 815 3648 si
838 3584 1172 3649 animaduertisset
1195 3584 1262 3648 dif-
1289 3611 1314 3651 oo

117 3690 246 3753 susum
275 3688 312 3752 in
342 3688 552 3772 parietibus
584 3693 726 3754 tactum
756 3689 879 3769 illum,
912 3689 1116 3773 imperaret
1147 3691 1262 3753 exter-

225 3841 254 3911 s]
272 3842 335 3896 ceu.
351 3845 392 3912 13,
406 3845 439 3898 12
452 3858 508 3912 sqq.
525 3900 526 3904 a
562 3844 608 3912 22]
627 3842 692 3897 1111.
707 3845 747 3909 14,
760 3845 794 3899 so
807 3858 863 3912 sqq.

163 3981 254 4037 'icius
275 3981 425 4038 (1111111
486 3981 610 4036 seruabat
628 3983 713 4038 Pom:
731 3980 874 4035 seruabant
891 3983 918 4036 Β
982 3985 1011 4037 11
1032 3981 1157 4050 quoniam
1177 3984 1262 4037 Pom:

117 4068 192 4137 quod
210 4069 237 4123 Β
308 4072 341 4124 16
359 4068 445 4122 uoluit
466 4069 496 4138 Ο,
515 4088 565 4125 om.
583 4070 612 4123 Β
679 4070 711 4123 17
730 4067 912 4124 abolitiemO
976 4071 1008 4124 19
1027 4071 1177 4121 emortuum
1198 4071 1262 4124 Gal:

116 4158 240 4210 emortuo
253 4156 280 4209 Β
324 4155 465 4210 habebitur
474 4159 538 4225 fort.
584 4159 618 4211 20
631 4155 751 4208 moechia
763 4156 985 4210 Get:moechiam
999 4157 1026 4210 Β
1071 4155 1187 4208 recidiua
1198 4158 1260 4212 cer.-

117 4242 265 4296 recidiuam
284 4244 311 4297 Β
368 4245 402 4299 28
421 4243 580 4312 parietinam
601 4244 664 4298 uer:
681 4242 811 4311 parietem
830 4259 883 4296 non
901 4243 928 4296 Β
987 4246 1018 4298 31
1039 4243 1207 4296 exterminari
1228 4244 1258 4312 0,
1318 4299 1321 4304 ,

117 4329 221 4385 extrahi
240 4330 268 4383 Β
