2820 4914
437 392 484 446 VI.
503 393 548 445 Dc
566 393 714 446 oratioue
733 394 808 447 1-2.
1132 388 1190 452 181

51 520 158 631 iiilus
180 567 338 631 cesserint.
385 568 448 649 qui
471 568 512 631 de
540 571 640 632 terra
663 571 733 648 est,
760 568 876 649 inquit,
904 570 1055 630 terrena
1076 565 1193 645 fatur,

71 645 97 712 ii
117 672 177 752 qni
199 672 240 735 de
263 673 378 735 caelis
402 672 518 752 adest,
542 691 633 754 quae
657 673 768 752 uidit,
792 691 833 736 ea
855 672 1029 752 loquitur.
1069 669 1195 751 etquid

75 767 125 834 llo
144 776 276 840 caeleste
299 777 381 857 quod
404 777 521 840 domini
544 776 658 841 Christi
686 781 743 856 est,
771 780 806 840 ut
832 777 909 839 haec
937 794 1059 856 quoque
1087 773 1195 837 orandi

79 863 240 961 disciplina?
282 880 513 944 consideremus
536 880 651 961 itaque,
674 881 840 960 benedieti,
864 881 1033 944 caelestem
1056 879 1122 942 eius
1146 896 1196 941 so·

69 977 177 1063 pdiam,
204 984 347 1066 inprimis
376 983 413 1047 de
435 988 600 1066 praecepto
629 989 746 1048 secrete
774 984 935 1064 adorandi,
964 1001 1024 1065 quo
1048 986 1079 1046 et
1101 981 1193 1045 fidem
1234 1007 1247 1046 5

62 1084 192 1151 hominis
216 1088 370 1171 exigebat,
398 1093 433 1152 ut
457 1089 505 1151 dei
528 1089 751 1171 omnipotentis
775 1094 806 1152 et
829 1092 1030 1170 conspectum
1053 1091 1085 1150 et
1108 1087 1196 1150 audi-

60 1194 129 1254 tum
150 1191 206 1254 sub
230 1193 319 1255 tectis
344 1193 429 1256 etin
454 1192 594 1257 abditum
618 1194 711 1257 etiam
736 1192 845 1256 adesse
868 1193 1047 1272 confideret,
1075 1194 1106 1254 et
1129 1210 1195 1255 mo-

34 1295 191 1387 -destiam
218 1295 290 1359 fidei
317 1296 528 1377 desiderabat,
556 1301 604 1377 ut,
634 1316 727 1378 quem
754 1296 870 1378 ubique
899 1297 1004 1360 audire
1032 1300 1064 1360 et
1089 1295 1196 1359 uidere

10 1410 42 1462 37
58 1399 182 1480 fideret,
214 1401 241 1463 ei
268 1400 327 1464 soli
353 1401 534 1484 religionem
563 1419 652 1464 suam
675 1401 809 1465 offerret.
856 1420 988 1483 sequens
1012 1401 1121 1483 sophia
1141 1403 1144 1477 Ι
1164 1401 1196 1462 in

54 1506 200 1586 sequenti
227 1509 390 1588 praecepto
418 1507 544 1589 perinde
571 1507 726 1589 pertineat
756 1507 795 1569 ad
824 1505 919 1569 fidem
950 1511 981 1570 et
1010 1505 1196 1569 modestiam
1224 1526 1249 1564 10

53 1609 139 1689 fidei,
161 1610 186 1673 si
206 1628 268 1674 non
289 1610 412 1693 agmine
428 1611 596 1674 uerborum
613 1611 790 1674 adeundum
805 1614 952 1692 putemus
970 1611 1008 1674 ad
1025 1609 1196 1688 dominum,

54 1733 152 1795 quem
178 1714 259 1778 ultro
287 1715 351 1778 suis
379 1715 554 1797 prospicere
582 1716 659 1779 certi
688 1734 806 1779 sumus.
861 1719 892 1778 et
922 1719 1028 1779 tamen
1058 1714 1197 1778 breuitas

54 1819 128 1896 ista,
156 1819 237 1899 quod
260 1819 299 1882 ad
321 1819 450 1882 tertium
472 1820 600 1903 sophiae
622 1821 756 1903 gradum
778 1821 882 1901 faeiat,
910 1838 1043 1904 magnae
1066 1819 1198 1883 331333-

55 1926 110 1986 tae
136 1923 401 2005 interpretationis
429 1923 605 1988 substantia
627 1924 707 1988 fulta
730 1928 778 1988 est
802 1928 1016 2006 quantumque
1043 1923 1198 1988 substrin-

55 2027 142 2109 gitur
163 2026 278 2107 uerhiS,
302 2031 427 2091 tantum
450 2028 631 2092 diffunditur
654 2029 808 2093 sensibus.
848 2048 947 2111 neque
969 2029 1053 2093 enim
1073 2028 1197 2112 propria
1226 2055 1252 2095 rs

56 2133 184 2194 tantum
211 2131 359 2195 orationis
388 2132 490 2196 officia
517 2134 678 2216 complexa
708 2136 770 2214 est,
801 2135 1035 2198 uenerationem
1066 2135 1114 2198 dei
1144 2137 1199 2198 aut

57 2236 196 2299 hominis
230 2238 429 2319 petitionem,
469 2238 524 2301 sed
561 2256 687 2302 omnem
723 2258 822 2322 paene
860 2258 1037 2304 sermonem
1071 2240 1199 2319 domini,

58 2359 187 2405 ornnem
218 2343 546 2406 commemorationem
577 2344 773 2426 disciplinae,
804 2349 840 2408 ut
865 2364 976 2408 reuera
1002 2346 1035 2408 in
1062 2346 1199 2409 oratione

57 2445 250 2510 breuiarium
273 2448 367 2511 totius
391 2447 546 2530 euangelii
569 2449 858 2530 comprehendatur.

104 2548 134 2613 2.
163 2549 277 2633 Incipit
304 2570 322 2614 a
349 2553 526 2616 testimonio
557 2553 607 2616 dei
638 2556 669 2616 et
698 2554 808 2618 merito
839 2554 924 2633 fidei,
956 2573 1026 2617 cum
1057 2553 1198 2632 dicimus,
1226 2579 1253 2618 ro

59 2676 165 2717 ranna
188 2677 241 2724 om
263 2679 296 2718 m
318 2677 428 2719 cnnnrs
449 2679 495 2720 ns.
534 2675 609 2720 nam
630 2661 661 2721 ct
680 2658 773 2722 deum
796 2677 921 2722 oramus
945 2662 976 2722 et
998 2657 1092 2721 fidem
1116 2676 1200 2721 eom-

61 2759 259 2840 mendamus,
286 2761 375 2824 cuius
398 2762 547 2826 meritum
570 2766 618 2825 est
641 2762 718 2827 haee
741 2764 917 2846 appellatio.
964 2763 1115 2844 scripturn
1138 2766 1199 2826 est:

61 2865 126 2946 qui
148 2865 185 2927 in
212 2883 291 2928 eum
319 2866 565 2947 crediderint,
594 2866 696 2930 dedit
719 2868 772 2931 eis
795 2871 1037 2951 potestatem,
1065 2871 1104 2930 ut
1126 2867 1201 2931 filii

61 2968 122 3032 dei
156 2973 345 3033 uooentur.
397 2989 588 3052 quamquam
619 2971 870 3052 frequentissime
902 2972 1044 3036 dominus
1077 2975 1201 3054 patrem

62 3072 153 3137 nobis
174 3075 387 3155 pronuntiauit
406 3075 509 3154 deum,
533 3076 629 3139 immo
650 3079 682 3141 et
701 3076 867 3159 praecepit,
892 3096 931 3139 ne
952 3095 1044 3158 quem
1060 3076 1092 3140 in
1109 3076 1201 3149 terris
1228 3100 1254 3140 ss

62 3180 186 3260 patrem
216 3196 378 3259 nocemus,
413 3179 474 3243 nisi
504 3199 597 3262 quern
627 3180 781 3244 habemus
812 3182 845 3244 in
875 3182 979 3246 caelis.
1024 3182 1129 3264 itaque
1159 3182 1202 3248 sio

62 3282 229 3346 adorantes
268 3283 363 3349 etiam
401 3288 604 3368 praeceptum
641 3285 774 3350 obimus.
834 3286 954 3368 felices,
993 3287 1046 3369 qui
1079 3291 1203 3369 patrem

62 3390 247 3470 agnoscunt.
295 3387 354 3452 hoc
385 3392 433 3454 est
465 3389 547 3471 quod
573 3389 685 3454 Israeli
719 3391 936 3474 exprobratur,
968 3391 1049 3474 quod
1081 3392 1203 3455 eaelum

170 3538 195 3638 r]
214 3567 270 3622 Ioh.
284 3570 309 3633 3,
322 3571 363 3624 31.
417 3570 463 3639 23]
481 3570 546 3626 rou.
561 3573 584 3635 1,
599 3574 639 3627 12.
693 3572 740 3641 25]
759 3572 793 3627 cf.
806 3573 902 3627 uasti.
916 3575 957 3637 as,
970 3577 994 3629 e.

109 3731 237 3787 dsofiam
255 3735 282 3789 A
299 3736 339 3791 sic
356 3737 412 3802 fere
429 3753 532 3806 semper
589 3741 749 3806 5precept0
767 3738 795 3792 A
852 3737 985 3791 dabditis
1006 3738 1056 3793 co
1113 3738 1203 3792 mode-

63 3824 140 3874 stum
166 3821 194 3875 B
264 3821 303 3890 [et
329 3821 481 3876 modestum
508 3823 582 3893 fidei]
610 3826 637 3879 B
711 3828 727 3880 9
760 3841 869 3894 sequens
897 3826 965 3880 Iun:
997 3827 1122 3893 sequente
1149 3827 1204 3880 AB

65 3911 102 3964 10
119 3911 269 3978 praeceptn;
287 3909 358 3978 quod
371 3910 421 3963 etsi
434 3910 544 3978 proinde
562 3912 613 3967 Urs
665 3911 774 3980 perinde
786 3913 897 3981 scripsi:
913 3911 1025 3981 proinde
1037 3913 1093 3965 AB
1144 3928 1203 3980 per-

64 3995 136 4048 tinet
153 3996 209 4050 13333
260 3995 340 4050 fidem
359 3997 475 4050 hominis
493 4015 513 4052 oc
566 4000 596 4053 11
617 3998 664 4051 drir
682 4000 709 4053 A
763 4002 795 4053 12
814 3999 896 4052 simus
909 4001 965 4069 lap
1018 4001 1135 4052 attamen
1153 4002 1204 4055 Urs

66 4083 102 4137 14
124 4082 378 4152 interpretatimonis
400 4085 428 4138 A
451 4102 520 4140 corr.
593 4088 625 4140 16
648 4085 691 4138 uel
713 4087 908 4139 uenerationem
931 4088 1000 4154 AB;
1021 4085 1064 4138 uel
1086 4087 1134 4140 dci.
1156 4087 1205 4141 (sel

64 4170 100 4224 21
123 4171 309 4238 paternoster
336 4171 387 4226 Urs
456 4172 490 4225 23
514 4170 675 4224 crediderint
700 4173 736 4240 B,
763 4171 886 4225 credide?
909 4174 951 4238 (=
976 4172 1155 4240 crediderunt)
1177 4174 1204 4226 A

64 4257 102 4311 24
120 4271 272 4324 quanquam
289 4257 316 4311 A
384 4259 418 4313 25
436 4258 623 4326 pronunciauit
640 4259 668 4313 A
737 4260 771 4314 28
793 4258 880 4312 israeli
903 4261 930 4314 B
951 4261 991 4315 sic
1012 4277 1121 4329 semper,
1140 4260 1205 4313 isra-

65 4341 122 4396 heli
139 4344 179 4399 sic
195 4346 251 4412 fere
267 4361 370 4414 semper
387 4345 415 4399 A
467 4344 627 4414 exprobatur
644 4347 672 4400 A
