2820 4914
499 343 531 397 X.
551 345 595 397 De
614 344 721 396 anima
738 347 849 400 25-26.
1184 349 1248 412 343

102 537 275 600 possumus
298 519 368 583 illos
392 538 515 601 quoque
537 520 708 603 recogitare
731 520 783 602 qui
807 524 929 585 exsecto
953 522 1061 586 matris
1077 527 1167 587 utero
1182 525 1249 587 nini

105 643 212 687 aerem
242 624 430 704 hauserunt,
461 624 566 688 Liberi
597 624 692 705 aliqui
716 628 747 688 et
770 624 938 708 Scipiones.
985 626 1094 707 quodsi
1117 628 1184 709 qui,
1215 632 1250 692 ut

105 727 207 807 Plato,
231 729 359 810 perinde
383 747 446 792 non
469 732 559 811 putat
582 729 657 792 duas
682 731 802 793 animas
824 729 969 793 inunum
986 732 1152 795 conuenire
1169 733 1249 797 sicut

106 851 165 895 nec
189 851 325 915 corpora,
350 851 406 916 ego
430 833 474 896 illi
498 852 560 897 non
583 833 674 897 modo
691 833 768 897 duas
785 833 905 897 animas
922 834 953 897 in
970 853 1068 898 unum
1085 841 1248 919 congestas

105 937 324 1016 ostendissem,
349 937 430 1000 sicut
453 940 485 1000 et
507 955 644 1020 corpora,
668 938 700 1000 in
723 937 848 1018 fetibus,
877 957 988 1002 nerum
1012 942 1044 1002 et
1066 940 1127 1003 alia
1149 942 1249 1005 multa
1287 970 1300 1008 ⁵

104 1061 180 1105 cum
203 1042 307 1105 anima
330 1045 488 1122 conserta,
512 1042 673 1105 daemonis
698 1043 830 1122 scilicet,
862 1061 919 1105 nec
942 1044 1050 1124 unius,
1081 1047 1116 1107 nt
1139 1045 1171 1109 in
1195 1044 1249 1109 So-

104 1149 191 1210 crate
215 1147 296 1228 ipso,
328 1165 438 1210 uerum
462 1149 493 1209 et
516 1147 683 1227 septenarii
708 1147 850 1230 spiritus,
879 1147 969 1211 utin
992 1148 1194 1232 Magdalena,
1218 1154 1249 1214 et

103 1251 267 1334 legionarii
298 1251 435 1330 numeri,
466 1254 502 1314 ut
531 1250 564 1314 in
595 1249 766 1330 Geraseno,
802 1269 861 1332 qno
891 1251 1014 1315 facilius
1042 1253 1147 1317 aniana
1178 1272 1248 1317 cunr

104 1357 212 1419 anima
231 1360 411 1419 conseretur
428 1375 463 1418 ex
480 1355 627 1419 societate
644 1355 839 1420 substantiae
856 1375 950 1437 quam
968 1358 1096 1439 spiritus
1113 1378 1248 1440 nequam

50 1471 88 1523 111
104 1480 141 1523 ex
166 1460 345 1524 diuersitate
369 1464 508 1524 naturae.
551 1464 583 1524 at
605 1461 688 1523 idern
712 1461 744 1524 in
768 1464 853 1524 sexto
877 1461 998 1545 Legum
1019 1465 1022 1540 l
1044 1481 1174 1527 monens
1197 1482 1248 1527 ca·
1276 1492 1300 1528 ιο

104 1584 179 1628 nere
210 1585 248 1628 ne
272 1564 392 1628 uitiatio
421 1565 547 1628 seminis
579 1583 614 1628 ex
647 1565 750 1646 aliqua
780 1565 900 1629 uilitate
931 1566 1113 1630 concubitus
1143 1568 1247 1632 labem

104 1669 225 1751 corpori
257 1673 288 1733 et
318 1669 441 1732 animae
473 1673 636 1751 supparet,
660 1668 765 1733 neseio
796 1669 834 1733 de
864 1671 997 1753 pristina
1022 1671 1123 1755 magis
1148 1691 1187 1736 an
1210 1673 1248 1736 de

103 1775 166 1838 ista
190 1774 348 1838 sententia
370 1774 429 1837 sibi
452 1774 606 1838 exciderit.
642 1774 777 1838 ostendit
800 1774 882 1837 enim
906 1775 1045 1839 animam
1069 1776 1106 1838 de
1130 1777 1248 1841 semine

103 1879 219 1958 induci,
243 1879 324 1959 quod
348 1880 447 1942 curari
471 1883 588 1959 monet,
612 1898 673 1943 non
697 1878 734 1941 de
757 1879 859 1960 prima
878 1880 1064 1963 aspiratione
1081 1882 1246 1945 nascentis.

103 1984 198 2062 unde,
223 2001 274 2047 oro
298 1987 339 2063 te,
363 1984 567 2047 similitudine
584 1984 707 2047 animae
724 2000 846 2064 qnoque
862 1984 1044 2066 parentibus
1061 1986 1098 2048 de
1114 1986 1247 2069 ingeniis
1276 2011 1299 2050 1⁵

102 2088 330 2170 respondemus
362 2088 532 2152 secundum
557 2087 717 2153 Cleanthis
749 2089 979 2170 testimoninm,
1011 2090 1037 2152 si
1067 2107 1130 2154 non
1158 2094 1189 2154 et
1212 2111 1247 2155 en

104 2193 229 2257 animae
252 2186 372 2256 semine
396 2193 579 2256 educimur?
617 2197 799 2257 curantem
824 2197 854 2256 et
877 2198 1000 2258 ueteres
1024 2196 1171 2278 astrologi
1194 2215 1248 2278 ge-

103 2298 243 2361 nituram
266 2298 400 2361 hominis
424 2297 463 2360 ab
487 2297 575 2361 initio
598 2301 765 2380 conceptus
790 2297 975 2381 dirigebant,
1004 2299 1030 2362 si
1053 2318 1114 2363 non
1139 2301 1247 2363 exinde

105 2405 137 2465 et
159 2404 264 2465 anima
287 2405 356 2465 est?
401 2402 557 2482 adquam
582 2420 678 2482 aeque
702 2402 848 2485 pertinet,
872 2402 974 2484 siquid
998 2407 1055 2483 est,
1078 2403 1179 2467 flatus.

148 2505 200 2570 26.
225 2505 287 2571 Sed
308 2507 409 2570 omnis
432 2506 635 2587 inaequalitas
660 2506 835 2570 sententiae
857 2507 1014 2570 hnmanae
1030 2525 1128 2588 usqne
1145 2508 1183 2570 ad
1199 2509 1248 2571 dei
1276 2535 1301 2573 20

104 2611 265 2675 terminos
311 2611 344 2674 in
376 2613 499 2674 nostras
530 2610 594 2673 iam
624 2610 722 2673 lineas
753 2610 886 2692 gradum
917 2611 1078 2693 colligam,
1109 2616 1144 2674 nt
1167 2613 1248 2692 quod

103 2715 296 2798 philosophis
328 2714 517 2796 medicisque
547 2715 707 2795 respondi,
737 2712 911 2778 Christiano
937 2715 1076 2797 probem.
1124 2716 1160 2779 de
1184 2719 1248 2796 tuo,

55 2867 60 2879 .
104 2822 210 2899 frater,
234 2820 438 2883 fundamento
454 2818 549 2881 fidem
566 2817 702 2881 aedifica.
738 2821 840 2900 aspice
860 2819 1005 2882 uiuentes
1029 2823 1134 2883 uteros
1159 2838 1249 2884 sane·

104 2925 300 2988 tissimarmn
332 2924 519 2986 feminarum
550 2941 607 2986 nec
634 2922 726 2986 modo
751 2923 904 3006 spirantes
928 2924 990 2986 iam
1013 2923 1077 2987 illic
1100 2924 1248 3005 infantes
1316 2951 1318 2956 ·

104 3047 216 3092 uerum
240 3028 336 3091 etiam
358 3028 591 3110 prophetantes.
627 3044 697 3089 ecce
713 3027 834 3090 uiscera
848 3026 1008 3091 Rebeccae
1024 3027 1247 3109 inquietantur,
1275 3055 1300 3094 25

104 3137 136 3196 ot
165 3133 257 3215 longe
288 3132 388 3195 adhuc
412 3135 518 3214 partus
543 3135 575 3195 et
597 3132 676 3194 aeris
700 3132 805 3194 nullus
829 3132 993 3214 impulsus.
1040 3151 1111 3195 ecce
1135 3132 1248 3215 duplex

103 3239 189 3302 fetus
220 3237 252 3300 in
282 3237 357 3300 locis
388 3236 497 3300 matris
529 3236 754 3316 tumultuatur,
785 3239 816 3299 et
842 3254 995 3317 nusquam
1019 3237 1119 3299 adhuc
1142 3238 1248 3319 populi

104 3344 176 3406 duo.
225 3345 405 3425 portentosa
438 3341 569 3405 forsitan
603 3340 776 3423 petulantia
808 3341 958 3405 infantiae
992 3344 1064 3404 ante
1099 3343 1247 3406 certantis

103 3466 198 3528 quam
222 3447 369 3527 uiuentis,
394 3450 466 3510 ante
489 3446 648 3510 animosae
672 3465 767 3527 quam
791 3447 958 3526 animatae,
982 3446 1008 3509 si
1031 3447 1247 3509 tantummodo

210 3619 237 3687 7]
262 3618 295 3672 cf.
313 3619 394 3672 Mare
413 3621 453 3684 16,
471 3621 487 3672 9
511 3621 537 3670 et
559 3622 583 3682 5,
602 3621 615 3672 1
635 3633 690 3685 sqq.
772 3617 816 3686 10]
837 3617 870 3671 ef.
888 3617 957 3670 Plat.
974 3617 1037 3684 Leg.
1054 3617 1094 3671 VI·
1105 3635 1130 3686 p.
1144 3621 1195 3674 775
1208 3634 1246 3685 sq,

103 3707 150 3774 25]
170 3706 203 3759 cf.
219 3706 284 3759 Gen,
299 3709 341 3775 25,
354 3708 388 3760 22
401 3721 438 3773 sq.

149 3865 289 3930 3putatat
307 3863 334 3915 A
352 3880 419 3917 corr.
474 3865 570 3915 ticum
591 3862 654 3915 aer:
672 3863 702 3913 ut
721 3877 781 3913 oum
800 3862 836 3928 B,
854 3862 884 3913 nt
903 3864 961 3914 tum
978 3861 1005 3913 A
1059 3863 1247 3916 9conseretur

109 3951 174 4005 Urs:
195 3949 345 4002 conferetur
360 3950 415 4018 AB
482 3951 512 4002 11
536 3946 644 4000 uiciatio
663 3949 690 4001 A
762 3949 793 4001 12
814 3947 936 4015 pristinis
954 3948 981 4000 A
1048 3950 1079 4002 15
1101 3951 1128 3999 te
1149 3966 1200 4003 11111.
1219 3949 1246 4001 A

105 4039 139 4092 16
153 4035 300 4089 cleantisB
345 4038 371 4089 et
380 4036 469 4090 orraA
516 4036 546 4088 17
561 4033 697 4104 seminqA
745 4037 776 4090 18
790 4032 947 4106 digerebant
956 4035 1028 4102 Bmp
1076 4036 1108 4088 19
1121 4036 1148 4087 et
1157 4035 1246 4089 omA

105 4128 134 4176 at
147 4126 173 4177 A
186 4142 254 4181 corr.
309 4122 439 4191 quidquid
451 4125 524 4191 Bmp
576 4124 662 4175 status
680 4123 730 4177 Urs
784 4123 818 4176 22
830 4120 959 4190 responde
972 4122 999 4174 A
1012 4138 1079 4176 corr.
1128 4122 1161 4175 23
1175 4121 1246 4175 aedi-

105 4210 182 4264 ficem
195 4212 268 4279 Bmp
320 4213 353 4265 24
371 4209 533 4280 feminarum
546 4210 573 4262 A
627 4212 660 4263 29
680 4208 813 4261 animosae
826 4225 906 4276 quam
920 4208 1051 4261 animatae
1067 4208 1245 4262 Gel:animos

106 4313 188 4364 aequa
207 4297 322 4350 animate
340 4314 373 4352 es
391 4296 493 4350 animos
511 4294 718 4363 aequanimitate
736 4296 772 4363 A,
792 4294 894 4348 animos
913 4310 994 4362 aeque
1013 4294 1130 4348 animate
1149 4296 1176 4349 B
