2828 4936
591 681 654 755 ΙΙΙ.

242 879 317 994 lo
354 877 646 995 NATIONES
682 878 843 995 LIBRI
879 879 1006 997 DUO.

452 1269 594 1333 LIBER
616 1268 796 1335 PRIMUS.

10 1494 33 1546 ¹1
101 1481 130 1546 1.
155 1455 388 1547 Testimonium
403 1478 604 1565 ignolrantiae
623 1484 758 1562 uestrae,
782 1500 860 1563 quae
880 1481 884 1567 1
904 1483 1102 1565 iniquitatem
1117 1485 1191 1547 dum

56 1584 216 1673 (1111111111,
240 1586 379 1667 reuincit,
402 1586 435 1650 in
457 1588 603 1668 promptu
628 1589 684 1666 est,
705 1584 710 1671 1
730 1588 811 1667 quod
833 1605 940 1651 omnes
961 1589 1015 1670 qui
1029 1589 1191 1652 uobiscum

56 1685 139 1756 retro
162 1690 350 1774 ignorabant
373 1676 404 1753 e't
423 1688 586 1753 uobiscum
601 1689 740 1770 oderant,
761 1688 765 1775 1
786 1691 879 1754 simul
896 1692 939 1755 eis
956 1693 1087 1776 contigit
1102 1693 1191 1773 seire,
1230 1718 1243 1758 s

58 1796 206 1860 desinunt
229 1794 330 1858 odisse
358 1792 439 1876 quia'
458 1793 605 1862 desinunt
632 1794 785 1877 ignorare,
819 1795 915 1860 immo
941 1794 944 1880 1
969 1796 1048 1860 fiunt
1075 1800 1106 1860 et
1132 1796 1192 1877 ipsi

57 1901 140 1983 quod
163 1899 293 1964 oderant
317 1903 347 1962 et
368 1898 644 1987 incipiuntodisse
669 1899 750 1980 quod
772 1900 905 1964 fuerant.
951 1901 1026 1965 adeo
1050 1898 1192 1985 quottidie

58 2006 291 2069 adolescentem
328 2022 494 2068 numerum
533 2002 780 2068 Christianorum
817 2005 992 2088 ingemitis,
1030 2004 1192 2068 obsessam

57 2107 280 2195 uocilferamini
303 2108 472 2189 ciuitatem,
503 2108 536 2171 in
560 2108 652 2191 agris,
683 2109 716 2171 in
739 2110 885 2190 castellis
913 2110 945 2172 in
968 2109 1079 2173 insulis
1103 2108 1192 2174 dhri-

59 2215 194 2288 stianos3
229 2230 354 2276 omnem
382 2211 386 2296 1
415 2231 532 2293 senum,
568 2230 693 2276 omnem
724 2216 870 2293 aetatem,
904 2230 1029 2277 omnem
1061 2213 1192 2295 denique
1220 2240 1245 2280 ιο

60 2319 247 2402 dignitatem
269 2316 444 2399 transgredi
468 2334 489 2380 a*
508 2315 598 2380 uobis
622 2317 711 2397 quasi
731 2315 735 2400 1
756 2316 941 2381 detrimento
965 2317 1085 2381 doletis.
1136 2337 1193 2382 nee

60 2427 167 2487 tamen
195 2421 253 2485 hoc
280 2421 347 2503 ipso
371 2421 410 2484 ad
433 2420 684 2484 aestimationem
708 2421 836 2485 alicuius
858 2422 985 2485 latentis
1008 2421 1193 2508 11111111-

60 2546 127 2592 mos
150 2527 349 2610 promouetis.
395 2544 458 2590 non
480 2526 554 2589 licet
576 2527 689 2589 rectius
713 2526 873 2608 suspicari,
897 2544 959 2590 non
974 2526 1052 2591 libet
1066 2527 1192 2611 propius

60 2631 203 2715 experiri3
225 2629 229 2716 1
248 2631 300 2694 hic
315 2633 439 2694 tantum
455 2630 616 2693 curiositas
632 2630 771 2693 humana
786 2631 941 2712 torpescit.
981 2631 1093 2694 amatis
1106 2631 1193 2715 igno·

59 2755 127 2800 rare
151 2734 232 2817 quod
255 2734 330 2819 11111
351 2734 508 2818 gaudeant
528 2735 701 2809 inuenisse
725 2735 872 2798 mauultis
888 2735 1018 2816 nescire,
1043 2735 1114 2817 quia
1128 2738 1191 2799 iarn
1219 2760 1243 2801 15

59 2843 180 2922 odistis,
201 2839 205 2926 1
226 2841 314 2922 quasi
336 2844 419 2904 certe
441 2859 504 2904 non
527 2839 664 2903 odituros
681 2857 736 2903 uos
753 2840 867 2903 sciatis,
907 2841 1013 2922 atquin
1029 2841 1056 2904 si
1070 2841 1193 2904 nullum

48 2948 119 3011 Ι1111
148 2945 297 3013 meritum
327 2945 397 3026 odii,
431 2941 610 3030 repelrietur
641 2945 795 3026 optimum
828 2945 935 3026 utique
969 2945 1007 3008 ab
1041 2944 1194 3008 iniustitia

58 3052 161 3134 priore
184 3049 355 3114 discedere:
387 3050 434 3112 sin
457 3066 531 3112 uero
555 3046 658 3134 oaulsa
681 3049 866 3130 eonstiterit,
900 3050 977 3113 nihil
1000 3049 1069 3114 odio
1092 3050 1193 3113 detra-

58 3157 161 3236 hetur,
193 3154 273 3236 quod
302 3153 378 3218 adeo
409 3154 542 3236 amplius
572 3153 732 3234 iustitiae!
757 3154 946 3217 conscientia
975 3153 1191 3217 cumulabitur.

58 3261 120 3325 nisi
147 3260 175 3323 si
198 3258 356 3322 emendari
378 3249 484 3341 pudet,
508 3260 562 3320 aut
585 3258 724 3321 excusari
746 3257 841 3341 piget.
885 3255 889 3342 1
931 3259 994 3322 scio
1016 3259 1108 3342 plane
1131 3275 1193 3340 qua
1219 3281 1244 3320 so

57 3363 261 3448 responsione
284 3363 389 3427 soletis
411 3362 635 3427 redundantiae
658 3365 782 3426 nostrae
806 3362 1020 3426 testimonium
1049 3365 1053 3441 1
1081 3380 1193 3426 conue-

58 3471 138 3534 nire:
171 3485 233 3531 non
255 3468 362 3549 utique
385 3485 420 3531 eo
442 3466 560 3530 bonum
583 3466 794 3549 praeiudicari,
825 3467 899 3548 quia
927 3467 1090 3548 plerosque
1121 3484 1193 3530 oon-

58 3571 173 3658 ueritat
196 3575 228 3636 et
250 3571 310 3635 sibi
331 3571 442 3653 rapiat,
469 3571 604 3652 inquitis.
652 3571 725 3635 noui
755 3571 1000 3634 demutationem
1023 3570 1137 3634 mentis
1161 3571 1193 3633 in

58 3677 165 3742 malas·
183 3679 296 3758 partos.
328 3673 333 3760 1
365 3678 439 3756 quot
461 3675 633 3738 desertores
656 3674 757 3738 bonae
779 3675 884 3738 uitae?
915 3677 990 3756 quot
1012 3674 1192 3757 transfugae

102 3886 120 3940 3
137 3883 483 3952 Testimonium-promtu
496 3885 536 3936 est
545 3884 630 3938 minio
639 3883 827 3939 anamalibus
837 3883 933 3938 litteris
942 3883 969 3936 A
1021 3884 1038 3936 4
1050 3884 1157 3951 promtu
1166 3883 1193 3936 A

57 3975 74 4029 6
93 3959 157 4040 qnia
169 3972 209 4025 M.
219 3971 437 4027 massmannus:
454 3970 500 4038 qui
512 3971 539 4024 A
591 3973 608 4027 8
626 3969 812 4023 cristianorum
831 3971 857 4038 (a
874 3987 907 4026 ea
925 3987 943 4022 n
960 3970 1154 4039 semiperfecto)
1166 3970 1193 4023 A

59 4061 91 4114 ll
118 4056 150 4110 de
173 4056 333 4111 detrimento
359 4059 431 4126 fort,
459 4056 650 4111 detrimentum
676 4059 820 4114 Heraclius
885 4045 919 4113 12
945 4056 1140 4110 estimationem
1166 4056 1193 4109 A

59 4147 94 4201 16
114 4144 194 4213 certe]
214 4141 283 4197 berte
301 4142 412 4198 scientes
429 4147 502 4214 fort,
520 4146 590 4197 recte
603 4145 746 4200 Hartela'cs
799 4148 830 4200 17
850 4144 976 4197 meritum
992 4143 1103 4199 addidi:
1121 4140 1193 4195 debi-
1239 4187 1240 4191 ,

57 4235 121 4285 tum
133 4237 197 4300 post
214 4229 268 4283 odii
280 4230 342 4285 cdd.
361 4230 485 4287 Oebleoas
538 4230 701 4298 repperietur
712 4233 740 4285 A
795 4234 826 4287 19
839 4230 984 4309 iniustitiae
997 4229 1107 4284 seientia
1121 4229 1191 4285 coto

57 4319 95 4374 24
108 4318 189 4387 pmcn
207 4317 283 4386 quot]
302 4317 372 4386 quod
389 4319 417 4371 A
435 4335 501 4375 corr.
555 4315 693 4386 transfugo
711 4320 748 4393 A¹
