2820 4914
429 375 503 431 VIII.
522 377 567 431 De
584 376 750 446 pudIoitia
768 380 844 434 5-6.
1141 377 1204 442 229

64 554 136 617 sinu
167 552 326 635 plaudent,
356 570 418 617 non
449 554 644 636 opponentur
674 552 746 616 huic
768 570 862 634 quam
893 553 1089 617 defendimus
1113 554 1205 618 disci·

63 657 179 740 plinae.
218 658 334 722 frustra
357 658 440 721 enim
461 657 510 720 lex
534 659 748 740 suprastructa
772 660 828 737 est,
852 657 986 742 origines
1006 675 1128 739 quoque
1152 658 1205 722 de·

64 764 212 827 lictorum
233 762 264 826 id
287 766 334 826 est
357 761 624 845 concupiscentias
649 765 680 825 et
702 762 882 826 uoluntates
905 780 967 826 non
990 763 1094 825 minus
1111 781 1204 844 quam

64 867 149 931 facta
179 865 401 946 condemnans
431 867 458 929 si
487 866 554 929 ideo
585 865 675 929 hodie
706 866 893 930 concedetur
920 866 1078 930 moechiae
1101 867 1203 948 uenia,

64 971 138 1053 quia
163 973 194 1035 et
216 971 380 1052 ahquando
403 988 552 1035 concessa
575 973 631 1034 est.
655 970 705 1033 cui
728 970 939 1034 emolumento
959 970 1050 1035 hodie
1066 970 1203 1053 pleniore
1242 999 1255 1038 a

63 1074 231 1158 disciplina
259 1079 427 1155 coercetur,
457 1075 519 1139 nisi
549 1077 584 1139 ut
607 1075 723 1139 maiore
750 1075 882 1139 forsitan
904 1075 1057 1140 lenocinio
1079 1078 1133 1140 tuo
1156 1075 1204 1139 iu-

63 1179 253 1263 dulgeatur?
291 1179 380 1243 dabis
405 1196 477 1262 ergo
501 1182 532 1242 et
547 1178 727 1243 idololatrae
744 1183 775 1242 et
790 1180 875 1242 omni
891 1182 1051 1262 apostatae
1067 1179 1203 1261 ueniam,

61 1284 139 1366 quia
163 1286 195 1347 et
215 1285 365 1367 populum
388 1284 492 1365 ipsum
511 1283 625 1347 totiens
641 1302 730 1347 reum
745 1284 878 1348 istorum
894 1284 1008 1348 totiens
1024 1285 1202 1349 inuenimus

59 1392 147 1452 retro
162 1379 353 1452 restitutum.
392 1387 637 1452 communicabis
654 1390 685 1450 et
699 1387 881 1468 homicidae,
903 1388 977 1469 quia
992 1392 1023 1452 et
1037 1387 1202 1452 Nabothae

61 1493 250 1576 sanguinem
272 1491 382 1556 Achab
406 1491 623 1575 deprecatione
646 1492 761 1556 deleuit
785 1495 816 1555 et
838 1492 940 1556 Dauid
959 1492 1054 1557 Uriae
1076 1493 1203 1556 caedem
1230 1519 1255 1556 ιο

60 1616 138 1661 eum
160 1614 255 1660 causa
277 1597 342 1660 eius
365 1596 507 1660 moechia
530 1596 724 1660 confessione
750 1578 906 1679 purgauit.
944 1597 1008 1660 iam
1031 1600 1062 1660 et
1083 1596 1204 1660 incesta

60 1701 196 1766 donabis
229 1704 355 1785 propter
386 1700 467 1764 Loth
501 1704 532 1764 et
564 1701 784 1764 fornicationes
818 1718 891 1763 cum
923 1701 1042 1765 incesto
1076 1704 1203 1785 propter

50 1806 177 1870 Iudam
200 1808 231 1870 et
252 1808 360 1888 turpes
383 1806 421 1869 de
443 1805 661 1889 prostitutione
685 1805 809 1888 nuptias
829 1807 956 1888 propter
972 1803 1062 1885 Osee,
1086 1809 1118 1869 et
1141 1825 1203 1869 non

61 1914 191 1976 tantum
221 1910 444 1992 frequentatas,
474 1929 585 1974 uerum
616 1912 648 1973 et
679 1909 776 1973 semel
805 1909 921 1992 plures,
952 1913 1078 1993 propter
1099 1913 1202 1992 patres

61 2018 198 2079 nostros.
235 2015 341 2096 utique
365 2015 448 2078 enim
471 2014 600 2097 dignum
624 2017 672 2077 est
693 2014 875 2097 peraequari
895 2032 978 2077 nuno
995 2032 1116 2095 quoque
1131 2032 1203 2097 gra·
1229 2041 1254 2080 15

60 2120 143 2184 tiam
165 2119 247 2182 circa
269 2119 373 2184 omnia
395 2121 477 2183 retro
501 2118 632 2198 indulta,
664 2118 691 2180 si
718 2117 755 2181 de
778 2117 910 2201 pristino
934 2118 1037 2199 aliquo
1061 2119 1201 2201 exemplo

61 2224 157 2288 uenia
179 2222 339 2287 moechiae
362 2223 548 2287 uindicatur.
587 2222 740 2286 habemus
771 2222 897 2304 quidem
928 2226 959 2287 et
981 2241 1037 2287 nos
1062 2223 1202 2286 eiusdem

62 2328 231 2393 uetustatis
255 2328 396 2410 exempla
417 2346 473 2410 pro
497 2327 654 2392 sententia
676 2329 783 2391 nostra
806 2345 869 2391 non
891 2326 983 2391 modo
1000 2345 1062 2391 non
1078 2328 1201 2408 indulti,

62 2451 176 2497 uerum
199 2432 294 2496 ctiam
315 2431 542 2515 repraesentati
563 2431 668 2494 iudicii
689 2431 913 2494 fornicationis.
953 2434 985 2494 et
1007 2432 1113 2513 utique
1136 2432 1202 2495 suf-

62 2537 128 2601 ficit
151 2540 275 2600 tantum
298 2556 465 2601 numerum
487 2559 560 2600 xxiv
582 2535 704 2599 milium
725 2535 832 2618 populi
859 2536 1042 2599 fornicantis
1066 2537 1097 2598 iu
1121 2535 1200 2599 filias
1227 2561 1253 2599 eo

61 2641 192 2705 Madian
207 2658 270 2704 una
285 2642 379 2724 plaga
392 2641 501 2704 ruisse.
541 2639 595 2703 sed
618 2640 699 2703 malo
715 2640 747 2701 in
763 2639 895 2721 gloriam
912 2636 1028 2703 Christi
1044 2657 1062 2701 a
1078 2637 1200 2702 Christo

60 2746 214 2809 deducere
238 2744 441 2828 disciplinam.
480 2744 647 2808 habuerint
669 2743 801 2825 pristina
823 2745 965 2824 tempora
980 2743 1081 2806 omnis
1097 2743 1200 2825 impu-

60 2849 197 2930 dicitiae,
233 2849 258 2912 si
291 2850 402 2912 uolunt
434 2849 586 2933 psychici,
622 2849 716 2912 etiam
749 2849 946 2928 potestatem.
985 2847 1094 2910 luserit
1127 2849 1200 2911 ante

60 2953 224 3019 Christum
247 2971 328 3034 caro,
352 2954 449 3018 immo
472 2953 597 3036 perierit
620 2955 788 3033 antequam
805 2969 823 3015 a
838 2951 962 3016 domino
979 2969 1035 3015 suo
1050 2951 1200 3032 requisita

59 3062 123 3123 est:
159 3058 298 3123 nondum
329 3060 395 3121 erat
428 3057 521 3140 digna
551 3056 630 3121 dono
665 3056 785 3136 salutis,
820 3055 957 3119 nondum
992 3058 1065 3138 apta
1098 3054 1199 3118 officio
1227 3080 1252 3118 25

59 3162 248 3228 sanctitatis.
286 3161 386 3225 adhuc
408 3162 441 3224 in
462 3159 568 3225 Adam
590 3159 797 3243 deputabatur
820 3178 892 3223 cum
915 3177 970 3222 suo
993 3159 1078 3239 uitio,
1109 3159 1200 3222 facile

57 3266 144 3350 quod
168 3266 344 3349 speciosum
367 3266 489 3329 uiderat
512 3266 732 3347 coucupiscens
757 3267 788 3328 et
810 3264 849 3327 ad
869 3264 1016 3328 inferiora
1030 3263 1199 3345 respiciens

57 3373 93 3435 ct
126 3370 163 3434 de
193 3369 333 3434 ficulneis
362 3369 445 3434 foliis
468 3369 662 3452 pruriginem
685 3369 832 3432 retinens.
871 3367 1056 3431 inhaerebat
1086 3386 1200 3450 usque-

107 3631 122 3684 l
142 3627 202 3681 siun
225 3628 363 3684 Oeblerao:
382 3629 469 3681 sinum
488 3629 516 3682 B
582 3631 599 3683 3
618 3626 842 3696 concupiscentias
862 3627 925 3681 Get:
943 3625 1156 3694 concupiscentia
1173 3627 1200 3680 B

57 3719 77 3772 4
96 3702 297 3769 concedetur—
308 3718 323 3770 5
336 3714 415 3769 hodie
433 3733 483 3770 om.
502 3716 538 3784 B,
556 3716 619 3770 add.
641 3714 692 3769 Get
758 3713 891 3766 moechiae
910 3713 994 3766 Pom:
1012 3712 1131 3765 moechia
1151 3712 1201 3766 Get

60 3800 240 3870 5ahquaudo
264 3804 329 3857 Urs:
350 3802 439 3869 quua
465 3801 515 3856 Get
585 3818 632 3855 our
654 3803 705 3857 Urs
774 3799 877 3868 plenior
897 3799 961 3854 Scol
1031 3798 1200 3854 damaiore

63 3891 193 3946 oehlerus
246 3891 260 3943 7
278 3888 432 3942 idololatrae
447 3888 511 3943 Get:
528 3886 694 3941 idololatriae
710 3889 738 3941 B
791 3887 864 3939 omni
882 3888 1016 3955 apostatae
1031 3885 1094 3940 Get:
1111 3885 1201 3941 omnia

59 3978 185 4046 apostata
203 3977 230 4030 B
302 3975 408 4029 ueniam
427 3976 490 4030 odd.
506 3976 557 4030 cer
620 3975 776 4042 8quotiens
795 3989 869 4027 rcum
888 3974 946 4027 Lot
1012 3975 1044 4028 10
1061 3971 1089 4024 iu
1108 3970 1200 4040 depre-

60 4062 166 4118 catione
178 4064 219 4130 B,·
235 4064 264 4116 in
282 4063 331 4117 del.
347 4063 398 4117 cer
451 4065 481 4118 11
500 4064 559 4114 tum
574 4077 680 4115 causam
698 4063 749 4116 Urs
802 4059 922 4113 moechia
936 4059 999 4115 cer.-
1016 4058 1150 4112 moechiae
1163 4060 1199 4126 B,

59 4149 211 4205 moechiam
225 4152 277 4206 Urs
325 4150 358 4205 14
370 4147 551 4216 frequentatas
563 4147 789 4215 Get:frequentas
802 4149 829 4202 B
876 4149 908 4202 21
922 4145 1030 4200 Madian
1042 4145 1107 4214 una]
1120 4144 1199 4198 Moab

59 4238 135 4292 Pam
199 4239 232 4292 22
254 4235 397 4290 habuerint
417 4235 479 4290 cer,-
496 4233 648 4288 habuerunt
665 4236 692 4289 B
761 4237 796 4289 23
814 4235 875 4287 ante
894 4233 1031 4289 Christum
1051 4233 1114 4287 Get:
1132 4232 1199 4285 anti-

59 4323 194 4378 christum
212 4324 240 4380 13
292 4325 325 4379 25
344 4321 412 4375 dono
434 4323 496 4377 Get:
515 4320 622 4376 domiuo
640 4323 668 4375 B
721 4322 754 4376 28
772 4319 927 4375 inhaerebat
947 4321 1009 4375 Get:
1026 4319 1055 4375 in
1072 4317 1155 4374 herba
1172 4319 1200 4375 B
