2820 4914
524 364 554 416 V.
574 365 745 433 Seorpiaee
766 368 805 420 15.
1175 366 1235 430 179

75 539 171 602 deus
192 540 364 603 hurnanurrr
388 540 573 623 sanguinem
593 540 689 625 [sitiat
711 559 776 625 neeJ
792 540 936 605 Christus
957 541 1059 603 uicem
1079 542 1234 622 passionis

76 644 185 725 quasi
213 647 244 708 et
270 646 336 726 ipse
364 644 401 707 de
429 662 466 707 ea
497 644 630 707 saluteur
663 650 894 730 consecuturus
927 649 1094 730 exposcat,
1128 646 1234 709 statim

79 749 233 812 audisset
255 766 273 812 a
296 767 386 812 seruo
417 748 465 811 dei
495 749 577 830 qued
609 749 748 813 audierat
778 750 920 814 diabolus
947 768 975 834 La
1004 750 1150 834 derninej:
1182 769 1234 813 re-

10 864 53 915 or
80 853 181 916 cede
210 855 354 933 satana,
384 853 602 917 seandalurn
633 854 723 917 mihi
754 873 800 917 es.
848 855 1029 937 seriptum
1057 858 1132 939 [est]
1152 851 1156 938 t
1176 854 1234 918 do-

84 958 234 1021 minum
262 958 369 1021 deum
395 961 498 1021 tuum
529 957 703 1022 adorabis
732 962 768 1022 et
795 959 853 1022 illi
881 959 952 1023 seli
979 958 1132 1022 seruies.
1179 959 1233 1022 sed
1273 988 1285 1025 5

85 1066 121 1126 et
148 1081 231 1126 nune
254 1062 359 1126 audire
384 1061 519 1143 debebit,
544 1066 698 1144 quatenus
723 1063 821 1127 inulte
844 1067 916 1146 pest
938 1082 1059 1127 uenena
1083 1063 1144 1126 ista
1167 1063 1233 1125 suf-

85 1167 189 1247 fudit,
216 1167 295 1231 nulli
322 1166 518 1230 infirmorum
544 1168 635 1230 faeile
663 1169 818 1247 nocitura,
847 1168 905 1231 nisi
934 1168 960 1231 si
988 1168 1041 1249 qui
1068 1186 1129 1231 nen
1152 1167 1232 1230 hane

86 1274 234 1335 nestram
262 1290 298 1334 er
325 1270 385 1335 fide
412 1271 600 1354 praebiberit
627 1273 678 1335 uel
707 1273 801 1336 etiarn
830 1272 1038 1354 superbiberit
1063 1273 1230 1355 petionem.

194 1420 224 1530 a]
243 1460 340 1514 naar.
355 1463 395 1524 16,
409 1462 450 1517 aa.
463 1464 488 1524 4,
503 1464 542 1517 re.

137 1639 152 1691 3
176 1634 296 1688 diabolus
319 1652 335 1688 a
358 1634 465 1688 donrino
489 1636 525 1704 Β,
549 1678 751 1688 .........
769 1636 797 1701 (a
820 1635 928 1688 domino
952 1635 1036 1702 reor)
1060 1634 1180 1688 diabolus
1203 1637 1231 1689 A

87 1726 105 1778 4
127 1723 251 1777 sathanas
264 1725 291 1777 B
344 1723 507 1786 introitura,
527 1723 579 1776 nisi
591 1724 741 1778 Mercrius:
759 1723 809 1775 nisi
829 1723 951 1775 rreeitura
967 1724 1002 1790 B,
1022 1722 1043 1775 si
1063 1722 1182 1775 neeitnra
1195 1724 1230 1790 A,

89 1810 213 1863 nocitura
227 1810 276 1864 aar
329 1809 428 1878 quisB
482 1826 534 1862 nen
552 1829 601 1865 erre.
616 1811 643 1863 B
696 1808 1230 1865 8DE:SCORPIACEAEXPLICIT{A
