2828 4936
540 382 572 436 V.
591 381 761 450 Scorpiace
780 385 805 437 5.
1183 379 1245 445 155

103 577 195 624 uerso
224 558 389 623 auxiliatur
412 577 468 640 per
490 577 527 623 ea
554 556 743 622 subueniens
770 576 825 639 per
848 575 927 639 quae
956 556 1124 620 laboratur.
1170 574 1245 620 nam

105 667 137 728 et
166 663 286 728 calores
316 662 470 727 caloribus
501 663 636 744 amplius
671 662 827 726 onerando
859 661 1029 744 compescit
1059 664 1090 725 et
1121 660 1245 725 ardores

105 769 157 834 siti
179 769 284 850 potius
307 768 493 832 macerando
515 767 683 850 restinguit
706 769 738 831 et
759 767 842 831 fellis
870 785 1013 831 excessus
1037 765 1152 830 amaris
1176 765 1245 848 qni-

103 873 227 954 busque
254 872 443 954 potiunculis
471 871 590 955 colligit
618 873 649 935 et
677 871 839 955 sanguinis
862 870 962 934 fluxus
987 870 1095 934 defusa
1116 871 1244 953 insuper

104 977 222 1041 nennla
244 979 379 1040 reuocat.
419 976 512 1039 deum
535 993 608 1039 uero
632 978 663 1039 et
685 975 812 1056 quidem
834 967 955 1039 zeloten
978 975 1168 1058 culpandum
1191 993 1244 1038 ex·
1282 1001 1296 1040 ⁵

104 1080 272 1161 istimabis,
300 1080 327 1144 si
354 1080 454 1144 uoluit
480 1083 598 1144 certare
626 1099 697 1144 oum
726 1098 821 1144 eausa
848 1082 879 1144 et
902 1079 1034 1144 iniuriae
1058 1079 1244 1144 aemulando

103 1185 268 1268 prodesse,
299 1188 434 1248 mortem
460 1186 561 1248 morte
589 1184 773 1264 dissoluere,
806 1184 993 1248 occisionem
1020 1184 1172 1248 occisione
1199 1183 1245 1247 di-

104 1307 264 1373 spargere,
281 1289 444 1353 tormentis
460 1291 617 1353 tormenta
632 1288 795 1369 discutere,
819 1289 970 1371 supplicia
990 1288 1149 1371 suppliciis
1172 1306 1245 1352 eua-

103 1411 230 1477 porare,
261 1393 361 1457 uitam
389 1393 556 1471 auferendo
587 1394 749 1478 eonferpe,
781 1412 916 1478 oarpem
944 1392 1096 1457 laedendo
1126 1393 1244 1473 iuuare,

103 1499 245 1562 animam
276 1498 432 1580 eripiendo
463 1515 596 1561 seruare.
645 1498 848 1579 peruersitas,
884 1515 977 1579 quam
1005 1499 1124 1581 putas,
1157 1497 1245 1581 ratio,
1273 1524 1297 1562 ιο

104 1605 167 1677 est;
199 1602 282 1683 qnod
313 1602 477 1666 saeuitiam
508 1601 683 1682 existimas,
713 1602 814 1685 gratia
844 1605 901 1666 est.
955 1602 999 1666 ita
1030 1601 1085 1665 deo
1114 1601 1151 1665 de
1178 1618 1245 1664 rno-

103 1707 281 1771 mentaneis
301 1709 438 1791 ,aeterna
456 1706 639 1791 medicante
660 1705 827 1789 magnifica
846 1706 928 1770 bono
951 1708 1004 1770 tuo
1025 1705 1119 1770 deum
1139 1709 1245 1781 tnum;

101 1810 244 1876 incidisti
270 1811 302 1874 in
330 1829 442 1875 manns
464 1812 550 1896 ,eius
578 1812 642 1896 sed,
664 1811 795 1874 feliciter
816 1810 963 1875 incidisti.
1010 1810 1118 1875 incidit
1140 1813 1172 1874 et
1193 1810 1246 1874 ille

102 1917 138 1980 in
165 1915 379 1999 aegritudines
407 1919 486 1980 tuas.
534 1915 627 1980 homo
655 1934 787 2000 semper
813 1915 897 1999 prior
924 1915 1094 2000 npgotium
1124 1914 1245 1979 medico

102 2019 194 2100 facit,
222 2019 354 2101 denique
382 2019 508 2084 sibimet
535 2020 602 2102 ipse
629 2019 801 2103 perieulum
825 2018 934 2084 mortis
958 2019 1103 2104 attraxit.
1149 2037 1298 2104 coep-1⁶

102 2127 237 2207 perata
259 2124 384 2188 domino
412 2142 467 2188 sno
495 2127 530 2188 ut
553 2142 572 2188 a
598 2124 718 2188 medico
745 2124 821 2188 satis
845 2123 955 2188 utilem
977 2123 1174 2205 disciplinam
1197 2142 1246 2187 se-

102 2229 244 2293 cundum
266 2229 369 2311 legem
392 2228 547 2312 uiuendi„
574 2233 610 2292 nt
633 2228 738 2293 omnia
761 2229 885 2310 quidem
909 2228 1024 2309 ederet,
1048 2227 1087 2291 ab
1110 2246 1174 2292 nna
1197 2246 1247 2292 so-

99 2332 266 2397 lummodo
282 2332 446 2396 arbuscula
461 2336 671 2417 temperaret,
688 2351 783 2415 quam
798 2333 874 2418 ip,se
890 2333 1029 2396 medicus
1045 2333 1246 2415 inportunam

102 2437 235 2502 interim
265 2438 404 2500 nouerat.
465 2437 563 2502 audiit
592 2437 644 2501 ille
674 2456 768 2518 quem
799 2437 911 2501 maluit
939 2440 981 2522 ,et
1011 2436 1245 2522 abstinentiam

102 2541 199 2624 rupit.
251 2541 314 2605 edit
340 2541 496 2605 inlicitum
524 2544 556 2605 et
583 2542 830 2625 transgressione
858 2545 1015 2607 saturatus
1042 2543 1073 2606 in
1101 2546 1244 2627 montem
1271 2566 1296 2605 20

102 2645 293 2730 cruditauit,
316 2645 519 2729 dignissimus
542 2645 708 2710 bonafide
734 2647 766 2709 in
789 2649 893 2710 tetum
915 2646 1015 2728 perire
1038 2645 1112 2728 qnia
1134 2647 1242 2710 uoluit.

104 2750 160 2814 sed
186 2750 330 2814 dominus
353 2752 549 2835 ,sustentata
572 2750 698 2814 ferunra
720 2750 834 2831 delicti,
864 2750 960 2814 donec
983 2753 1122 2831 tempore
1146 2750 1245 2814 medi·

103 2855 176 2918 cina
202 2856 438 2935 temperaretur,
466 2854 627 2939 paulatim
653 2855 801 2940 remedia,
827 2855 1010 2937 composuit,
1038 2873 1146 2919 omnes
1174 2852 1245 2918 fidei

105 2959 289 3042 disciplinas
309 2961 340 3022 et
359 2959 442 3041 ipsas
463 2959 603 3022 aemulas
626 2959 712 3039 uitio,
735 2959 867 3023 uerbum
887 2956 892 3043 Ι
912 2959 1020 3022 mertis
1043 2956 1139 3022 uerbo
1163 2959 1244 3022 uitae

102 3063 327 3142 rescindentes
343 3062 483 3126 auditum
497 3063 755 3146 transgressionis
772 3063 879 3128 auditu
897 3062 1069 3127 deuotionis
1085 3063 1242 3126 limantes.
1271 3091 1296 3130 25

104 3169 158 3249 ita,
188 3170 313 3230 etcum
341 3167 421 3230 mori
446 3167 597 3251 praecipit
620 3167 758 3231 medicus
781 3168 844 3248 ille,
873 3170 1037 3231 ueternum
1060 3167 1170 3231 mortis
1194 3187 1246 3231 ex-

105 3271 211 3336 cludit.
258 3270 331 3352 quid
357 3274 508 3354 grauatur
535 3290 619 3336 nunc
645 3272 711 3354 pati
737 3272 830 3336 homo
859 3291 894 3336 ex
917 3271 1054 3336 remedio
1077 3272 1159 3354 qnod
1182 3289 1245 3335 nen

106 3379 153 3442 est
181 3378 258 3440 tunc
284 3378 433 3458 grauatus
461 3376 526 3458 pati
553 3395 589 3439 ex
616 3376 713 3440 uitio?
759 3375 903 3458 displicet
929 3376 1026 3440 occidi
1051 3376 1085 3440 in
1112 3377 1246 3441 salntem

145 3638 163 3690 2
181 3631 336 3688 honorando
354 3635 382 3688 A
434 3636 451 3689 3
468 3633 612 3702 restinguit
628 3635 698 3690 Lot:
716 3635 842 3704 restringit
859 3636 895 3704 A,
917 3635 1056 3705 restringit
1073 3637 1101 3691 Β
1154 3652 1244 3691 excus-

105 3739 147 3776 sus
160 3722 189 3776 A
230 3718 465 3790 quibusdemfort.
500 3720 721 3790 ApotionibnsB
757 3722 867 3791 corrigit
879 3725 943 3792 Lot,
955 3722 1089 3792 recolligit
1101 3725 1244 3779 Hartelo'us

105 3806 371 3864 lnelotemAcorr.
425 3809 559 3863 licertare
570 3810 682 3878 scripsi:
699 3811 811 3862 certasse
823 3811 878 3864 AB
931 3812 1159 3878 SenaportareA
1176 3829 1243 3867 corr.

106 3899 136 3952 12
156 3897 292 3948 aeternam
310 3895 338 3949 Β
398 3895 543 3949 meditante
562 3898 589 3951 Β
642 3899 719 3950 tunm
736 3897 771 3964 B,
790 3899 863 3951 tetri
881 3901 908 3952 A
967 3899 999 3952 14
1018 3897 1198 3966 aegritudines
1216 3900 1244 3953 A

103 3981 209 4036 medice
227 3981 299 4049 prior
317 3981 493 4049 negotiumB
548 3985 579 4038 15
600 3983 723 4052 deniqne]
742 3983 824 4037 donee
837 3986 982 4040 Hartcla'us
1036 3987 1068 4040 16
1086 4001 1133 4037 suo
1152 4002 1202 4040 om.
1216 3987 1243 4039 A

106 4072 138 4124 17
156 4067 324 4122 ederetetB
378 4070 410 4124 18
422 4070 583 4137 temperaret
595 4071 661 4123 etB
716 4073 748 4125 19
761 4072 877 4125 noratB
931 4074 964 4126 20
984 4071 1040 4143 edit
1058 4073 1085 4126 A
1137 4073 1169 4126 21
1184 4088 1242 4125 crn-

103 4154 204 4208 ditanit
230 4156 294 4210 Urs:
316 4154 460 4208 eruditauit
480 4157 515 4224 B,
539 4156 671 4209 eructauit
691 4157 741 4212 ceo
822 4158 920 4227 perisse
938 4159 965 4213 Β
1047 4157 1109 4226 quia
1130 4159 1242 4228 scripsi:

106 4241 154 4308 qui
164 4242 219 4296 AB
271 4244 305 4296 22
318 4244 466 4295 sustentata
479 4242 586 4296 ferunra
598 4245 646 4310 (A)
652 4243 720 4313 Rip:
730 4246 878 4299 sustentato
891 4246 995 4298 feruore
1007 4247 1034 4299 Β
1086 4247 1119 4300 25
1137 4245 1241 4299 aditum

107 4333 137 4381 et
152 4327 224 4382 aditu
240 4331 303 4398 fert.
358 4329 492 4382 deuotioni
510 4330 537 4384 Β
590 4333 624 4386 26
642 4333 740 4384 mortes
758 4333 786 4386 A
804 4351 871 4388 corr.
925 4335 957 4388 27
977 4331 1034 4401 pati
1052 4347 1123 4386 nunc
1140 4332 1168 4386 Β
