2828 4936
225 397 288 461 256
456 398 569 462 Quinti
589 396 726 465 Septimi
746 396 912 450 Florentis
930 397 1131 451 Tertulliani

225 573 383 636 occasione
411 573 560 636 aduersus
590 574 758 636 exercitum
787 575 1011 637 sententiarum
1040 575 1244 638 instrumenti
1267 575 1348 639 totius

225 677 348 740 arurari.

270 780 317 843 17.
350 781 490 844 Prouoca
519 781 556 843 ad
589 781 791 863 apostolicam
822 782 935 862 aciem,
971 782 1075 865 aspice
1106 783 1256 865 epistulas
1286 783 1351 860 eius,

225 903 332 949 omnes
356 903 411 966 pro
434 884 593 967 pudicitia,
617 903 672 967 pro
695 886 849 966 castitate,
876 903 931 968 pro
956 887 1122 950 sanctitate
1144 888 1352 968 praetendunt,

187 1019 195 1027 ·
225 1008 332 1053 omnes
361 991 392 1052 in
420 989 559 1052 luxuriae
583 994 614 1052 et
641 989 787 1053 lasciuiae
811 994 842 1053 et
863 989 1000 1054 libidinis
1024 991 1150 1073 negotia
1177 992 1352 1055 iaculantur.

224 1094 296 1175 quid
322 1094 453 1174 denique
478 1097 508 1156 et
525 1093 856 1157 Thessalonicensibus
880 1095 1008 1158 scribit?
1047 1096 1244 1159 aduocatio
1269 1096 1354 1159 enim

226 1201 353 1261 nostra
375 1216 445 1261 non
469 1217 508 1260 eu
533 1198 748 1262 seductione
773 1217 837 1262 nec
861 1218 900 1264 ex
923 1199 1179 1279 immunditia,
1204 1204 1251 1264 et:
1275 1200 1354 1264 haec

225 1307 281 1364 est
304 1304 478 1365 uoluntas
502 1303 573 1382 dei,
598 1303 849 1367 sanctimonia
871 1306 1013 1384 uestra,
1042 1303 1236 1367 abstinere
1260 1321 1355 1368 uasa

225 1406 491 1485 fornicatione,
516 1407 611 1469 scire
634 1425 935 1488 unumquemque
958 1425 1022 1471 uas
1044 1426 1149 1471 suum
1170 1409 1355 1491 possidere

225 1510 262 1573 in
286 1511 536 1574 sanctimonia
559 1511 762 1591 ethonore,
786 1530 856 1575 non
873 1512 1082 1576 inlihidine
1098 1514 1357 1596 concupiscen-

225 1616 315 1694 tiae,
339 1616 436 1679 sicut
459 1615 644 1695 nationes,
669 1634 761 1697 quae
785 1616 892 1683 deum
915 1616 1099 1699 ignorant.
1139 1617 1214 1698 quid
1236 1616 1357 1682 Galatae

225 1719 356 1802 legunt?
394 1720 596 1783 manifesta
619 1723 705 1783 sunt
728 1721 994 1802 operacarnis.
1034 1739 1191 1803 quaenam
1214 1722 1296 1785 ista?
1330 1722 1358 1783 iu

225 1825 333 1906 primis
345 1825 448 1906 posuit
463 1824 700 1888 fornicationem
715 1824 947 1888 immunditiam
962 1825 1136 1906 lasciuiam,
1153 1843 1249 1907 quae
1264 1843 1359 1910 prae-

226 1929 305 1991 dico
322 1928 441 2008 uobis,
459 1929 558 1992 sicut
574 1929 754 2011 praedixi,
771 1930 867 2010 quod
883 1929 945 2011 qui
960 1930 1052 1993 talia
1064 1934 1194 2012 agunt,
1210 1949 1360 2013 regnum

226 2033 282 2096 dei
309 2050 379 2096 uon
403 2037 490 2097 sunt
517 2033 755 2097 consecuturi
777 2034 990 2099 hereditati.
1029 2034 1164 2098 Romani
1194 2053 1271 2099 uero
1294 2035 1361 2116 quid

226 2138 327 2220 magis
358 2137 483 2200 discunt
512 2155 606 2219 quam
637 2156 699 2201 non
730 2138 941 2219 derelinquere
965 2138 1126 2202 dominum
1149 2143 1224 2221 post
1251 2139 1361 2203 fidem?

226 2243 313 2322 quid
337 2260 422 2324 ergo
446 2242 625 2305 dicimus?
658 2260 943 2323 perseueramus
967 2243 1003 2305 in
1026 2243 1304 2324 delinquentia,
1328 2247 1363 2306 ut

227 2349 378 2427 superet
393 2347 537 2429 gratia?
562 2346 670 2410 absit.
695 2348 755 2428 qui
771 2347 906 2410 mortui
923 2365 1049 2410 sumus
1066 2347 1363 2428 delinquentiae,

227 2451 405 2530 quomodo
425 2451 593 2514 uiuamus
615 2451 650 2514 iu
672 2469 711 2514 ea
727 2451 866 2514 adhuc?
891 2469 934 2514 an
950 2451 1150 2534 ignoratis,
1174 2452 1286 2532 quod,
1308 2452 1366 2533 qui

227 2555 340 2618 tincti
363 2573 489 2618 sumus
512 2556 549 2618 iu
573 2554 737 2635 Christo,
761 2556 797 2618 in
821 2559 976 2619 mortem
993 2557 1070 2619 eius
1087 2574 1215 2619 sumus
1232 2556 1365 2619 tincti?

227 2660 438 2742 consepulti
462 2678 547 2743 ergo
572 2679 697 2723 sumus
720 2679 784 2742 per
807 2659 1035 2742 baptismum
1058 2660 1094 2722 in
1118 2663 1291 2740 mortem,
1315 2666 1366 2738 ut,

227 2765 325 2828 sicut
348 2763 520 2828 Christus
544 2766 750 2828 resurrexit
773 2783 791 2828 a
814 2765 986 2844 mortuis,
1017 2764 1071 2828 ita
1094 2767 1130 2827 et
1158 2782 1225 2828 nos
1248 2765 1285 2827 in
1310 2781 1367 2826 no·

228 2869 346 2933 uitate
381 2869 481 2934 uitae
516 2868 740 2932 incedamus
791 2870 821 2931 si
856 2869 952 2933 euim
986 2868 1198 2949 consepulti
1239 2887 1365 2932 sumus

228 2975 427 3037 simulacro
458 2974 588 3038 mortis
620 2973 714 3053 eius,
746 2974 809 3036 sed
840 2978 874 3037 et
900 2973 1190 3037 resurrectionis
1214 2974 1365 3051 erimus,

188 3104 200 3141 s
228 3078 293 3142 hoc
318 3079 480 3143 scientes
504 3078 598 3159 quod
622 3081 729 3141 uetus
753 3077 857 3141 homo
881 3081 1008 3141 noster
1030 3078 1201 3141 confixus
1223 3081 1280 3141 est
1300 3077 1363 3140 illi.

228 3184 258 3246 si
282 3186 406 3247 autem
434 3183 569 3247 mortui
600 3201 725 3246 sumus
756 3201 837 3245 cum
860 3182 1023 3262 Christo,
1056 3182 1243 3246 credimus
1274 3181 1364 3263 quod

229 3291 264 3351 et
293 3288 534 3351 conuiuemus
566 3306 647 3349 cum
676 3287 757 3366 illo,
790 3287 953 3350 scientes
985 3286 1079 3367 quod
1107 3285 1281 3363 Christus
1312 3305 1363 3349 su·

229 3391 389 3455 scitatus
421 3410 439 3455 a
468 3392 624 3455 mortuis
647 3391 720 3453 iam
744 3409 814 3454 nou
837 3391 1035 3469 moriatur,
1066 3408 1164 3453 mors
1195 3407 1267 3453 non
1295 3391 1361 3453 iam

228 3496 440 3559 dominetur
461 3497 549 3559 eius.
583 3495 676 3576 quod
698 3495 796 3558 enim
812 3498 979 3558 mortuus
996 3497 1053 3557 est
1068 3494 1358 3576 delinquentiae,

229 3605 394 3665 mortuus
426 3605 483 3664 est
513 3601 637 3663 semel.
677 3600 769 3680 quod
794 3603 915 3662 autem
939 3599 1048 3678 uiuit,
1081 3599 1146 3661 deo
1169 3599 1277 3662 uiuit.
1313 3598 1358 3659 ita

332 3807 539 3876 tillThess2,3
576 3806 797 3873 dlibid.t,3sqq.
848 3804 1032 3873 12]Gal.5,19
1044 3821 1081 3872 sq.
1120 3805 1351 3874 l‘l]Rom.6,lsqq.

273 4000 435 4054 loccasioue
451 3998 727 4054 GedoccasiouemB
779 4000 923 4066 3prouoca
938 3999 1001 4052 Gal:
1018 4000 1145 4065 prouocat
1159 3999 1187 4050 B
1242 4000 1271 4052 11
1285 3994 1346 4047 deum

230 4088 292 4142 Ger:
309 4087 373 4140 duiu
386 4088 413 4141 B
468 4088 500 4141 13
512 4085 604 4153 primis
620 4086 682 4139 cer:
693 4086 779 4153 primo
793 4087 820 4138 B
874 4088 905 4139 15
918 4083 1076 4136 haereditati
1093 4084 1122 4151 C,
1135 4077 1346 4136 haereditatemB

230 4177 260 4229 17
286 4175 403 4227 dicemus
426 4175 497 4227 Pura
573 4172 799 4240 perseuerabimus
823 4173 893 4226 Paua
966 4174 996 4226 19
1020 4169 1153 4238 quomodo
1179 4172 1242 4226 Gal:
1263 4162 1345 4236 qtoB

228 4264 262 4316 20
285 4279 376 4314 sumus
402 4263 464 4315 Ger:
488 4263 549 4312 suut
572 4261 599 4313 B
670 4259 775 4314 Christo
799 4259 859 4311 lesu
885 4259 955 4312 Paua
1026 4260 1057 4312 21
1082 4273 1145 4324 ergo
1166 4257 1206 4310 illi
1226 4259 1296 4320 Pam,
1315 4246 1342 4301 llll

229 4365 290 4415 ergo
314 4349 440 4403 (lclrlcruc
494 4349 527 4401 23
546 4346 647 4399 consati
666 4347 737 4400 Puru
