2820 4914
160 379 224 440 322
387 377 499 442 Quinti
519 376 657 444 Septimi
677 375 842 428 Florentis
862 375 1063 428 Tertulliani

157 552 270 616 tionale
295 552 375 616 dieat
400 555 435 615 ut
457 554 488 614 in
512 552 616 615 anima
640 551 687 615 dei
711 552 818 634 ipsius,
850 551 875 612 si
907 570 962 614 nos
992 550 1087 613 etiam
1113 549 1315 612 inrationale

158 660 286 720 naturae
310 656 578 739 adscripserimus,
602 674 695 737 quarn
719 656 817 718 adeo
842 655 947 718 armna
970 658 1078 717 nostra
1106 654 1213 717 sortita
1232 658 1318 730 est,

157 780 254 842 aeque
286 761 468 825 inrationale
493 760 529 824 (10
554 761 610 823 (100
642 761 708 840 erit,
740 763 847 842 utpote
878 760 1031 839 naturale,
1063 759 1137 840 quia
1167 761 1320 821 naturae

157 865 233 928 deus
257 870 362 929 auctor
387 868 444 928 cst.
470 865 523 927 sed
553 865 634 927 enim
660 883 678 927 a
701 864 824 927 diabolo
855 863 994 927 inmissio
1024 862 1139 942 delicti,
1168 863 1321 925 inratio-

118 996 131 1033 5
157 969 226 1032 nale
250 973 356 1033 autem
379 987 471 1032 omne
495 968 653 1047 delictum,
677 969 771 1051 igitur
795 988 813 1030 a
833 967 954 1031 diabolo
975 967 1171 1046 inrationale,
1195 985 1212 1029 a
1233 983 1320 1047 quo

157 1079 188 1137 et
211 1074 369 1152 delictum,
402 1077 584 1136 extraneum
607 1091 626 1135 a
649 1072 716 1151 doc,
740 1090 757 1134 a
781 1090 842 1153 quo
866 1075 914 1135 eet
935 1072 1122 1135 inrationale
1150 1072 1318 1136 alienum.

157 1178 285 1259 proinde
309 1177 411 1241 delicti
429 1198 469 1237 aa
486 1177 651 1240 diuersitas
667 1176 779 1239 horum
796 1196 831 1239 ox
848 1176 998 1240 distantia
1014 1179 1188 1240 auctorum.
1225 1195 1318 1258 pro-

157 1283 228 1346 inde
252 1301 324 1345 curn
347 1282 436 1344 Plato
469 1282 525 1346 soli
550 1281 606 1344 (100
630 1299 799 1363 segregans
823 1280 973 1344 rationale
996 1280 1056 1344 duo
1085 1280 1314 1363 3000100111]-

157 1386 325 1449 (11111111101
349 1386 534 1465 inrationali,
563 1385 804 1468 indignatiuunr,
837 1385 918 1466 quod
942 1385 1102 1467 appellant
1122 1387 1241 1460 θυμικὸν,
1271 1394 1310 1453 et

106 1517 131 1554 lo
157 1491 475 1573 concupiscentiuuru‚
496 1488 500 1574 1
521 1490 602 1570 quod
633 1494 747 1553 uocant
770 1490 969 1571 ἐπιθυμητικόν,
1001 1492 1036 1552 111
1065 1489 1142 1552 illud
1172 1489 1300 1570 quidem

157 1614 322 1659 comrnune
346 1596 386 1658 sit.
410 1594 498 1658 notris
523 1599 554 1657 et
575 1592 729 1672 leonibus,
754 1593 836 1657 istud
860 1611 933 1656 uero
957 1611 1029 1655 cum
1053 1594 1181 1672 muscia,
1205 1595 1298 1658 ratio-

158 1701 227 1764 nale
251 1718 341 1781 porro
365 1718 436 1762 cum
460 1699 526 1778 deo,
558 1698 648 1761 uideo
672 1697 763 1761 etde
787 1698 845 1761 hoc
868 1697 945 1760 mihi
970 1716 1038 1761 esse
1061 1698 1288 1762 retractandum

157 1808 283 1886 propter
314 1822 350 1865 ea
380 1821 459 1884 quae
490 1803 521 1864 in
545 1801 669 1866 Christo
700 1801 983 1884 deprehenduntur.
1024 1820 1095 1866 ecce
1127 1803 1209 1865 enim
1231 1806 1283 1866 tota

158 1907 647 1987 1000111011οε01111101111110,
679 1910 711 1970 et
733 1907 895 1986 rationale,
927 1924 985 1987 quo
1018 1907 1118 1987 docet,
1149 1925 1207 1988 quo
1232 1907 1276 1968 dis·

107 2036 131 2074 15
159 2013 243 2091 serit,
267 2030 327 2092 quo
352 2012 462 2075 salutis
486 2011 552 2074 uias
576 2012 697 2091 sternit,
730 2014 760 2074 01
784 2011 1025 2094 indignatiuum,
1056 2030 1118 2093 quo
1141 2012 1275 2075 inuehitur

159 2118 190 2179 in
214 2116 332 2179 scribas
356 2120 386 2180 01
402 2116 597 2195 Pharisaeos,
621 2119 652 2179 et
674 2115 992 2199 concupiscentiuum,
1016 2133 1077 2197 quo
1093 2117 1270 2198 paschaom

158 2221 317 2302 discipulis
341 2221 405 2283 suis
430 2221 519 2283 edere
543 2221 740 2303 concupiscit.
780 2221 873 2304 igitur
901 2220 983 2303 apud
1006 2239 1063 2283 nos
1087 2239 1150 2284 non
1173 2238 1270 2302 semper

160 2342 195 2384 01
219 2323 395 2388 inrationali
419 2325 575 2388 censenda
591 2329 664 2389 sunt
679 2325 910 2408 indignatiuum
927 2328 957 2388 01
976 2326 1271 2409 concupiscentiosa,

158 2446 236 2508 quae
260 2429 336 2492 certi
360 2446 468 2492 sumus
492 2429 524 2492 in
548 2430 672 2494 domino
689 2430 879 2494 rationaliter
896 2430 1119 2494 decucurrisse.
1155 2431 1273 2512 indigna·
1321 2410 1323 2419 ¹

105 2558 130 2596 10
158 2531 240 2595 1111111
271 2533 346 2595 deus
377 2533 579 2613 rationaliter,
611 2533 723 2614 quilius
754 2534 871 2597 scilicet
902 2533 1003 2613 debet,
1036 2537 1069 2598 et
1099 2534 1273 2616 concupiscet

157 2636 233 2699 deus
256 2637 458 2717 rationaliter,
482 2655 561 2718 quae
585 2637 680 2722 digna
704 2642 777 2702 sunt
799 2639 875 2721 ipso.
915 2657 988 2702 nam
1006 2644 1037 2703 at
1053 2640 1137 2702 malo
1155 2639 1277 2721 indigna·

157 2738 240 2803 bitur
264 2744 294 2804 et
316 2739 398 2803 110110
422 2741 619 2823 concupiscet
642 2743 785 2806 salutern.
818 2741 871 2805 dat
892 2745 923 2805 01
939 2742 1100 2824 apostolus
1116 2742 1279 2806 1101010000-

157 2845 389 2924 cupiscentiam.
429 2846 457 2908 si
490 2845 571 2927 quis
596 2846 851 2928 episcopatum
879 2847 1131 2928 concupiscit,
1162 2847 1280 2910 bonum

158 2965 247 3028 opus
279 2950 522 3031 concupiscit.
562 2951 616 3014 sed
639 2950 756 3014 bonum
780 2968 857 3032 opus
881 2951 985 3014 dicens
1008 2950 1197 3015 rationalem
1223 2968 1284 3013 oon-

106 3078 130 3114 11
158 3052 382 3134 cupiscentiam
398 3054 542 3118 ostendit.
575 3055 717 3119 concedit
733 3058 764 3117 et
780 3055 1037 3138 indignationem.
1068 3054 1187 3136 quidni,
1202 3073 1286 3136 quarn

159 3160 190 3219 et
212 3156 277 3238 ipse
301 3159 458 3240 suscepit?
482 3158 625 3222 utinam
649 3161 684 3222 et
708 3159 987 3242 praecidantur,
1011 3159 1124 3239 inquit,
1149 3160 1289 3241 quinos

159 3259 392 3326 subuertunt.
430 3263 591 3327 rationalis
615 3267 663 3327 est
685 3263 867 3347 indignatio,
898 3281 975 3344 quae
999 3282 1035 3325 01
1058 3262 1176 3327 01100111
1207 3264 1291 3326 disci·

158 3365 260 3446 plicae
289 3370 344 3430 est.
373 3371 416 3430 ‘at
439 3386 509 3430 cum
534 3367 620 3431 dicit:
653 3367 792 3431 fuimus
824 3367 1023 3449 aliquando
1054 3371 1193 3431 natura
1223 3369 1293 3432 filii

157 3469 247 3548 irae,
278 3470 462 3534 inrationale
486 3472 714 3555 indignatiuum
739 3472 897 3555 suggillat,
929 3471 1010 3552 quod
1043 3489 1104 3553 non
1131 3474 1172 3536 sit.
1205 3494 1240 3536 01
1263 3492 1295 3536 ea

261 3687 306 3755 aa]
327 3690 339 3742 1
360 3686 427 3740 nm.
440 3690 464 3751 a,
480 3688 501 3741 1.
555 3687 600 3755 00]
621 3686 678 3742 car.
693 3690 717 3751 5,
732 3690 771 3743 10.
825 3687 870 3756 aa]
889 3686 955 3756 nph.
968 3689 1030 3756 aa.

203 3889 267 3940 lut
284 3889 347 3955 sort.
368 3887 509 3941 delendum
572 3885 782 3941 ‘ladscribimus
801 3888 828 3939 A
889 3886 983 3940 sortita
1001 3890 1026 3939 st
1045 3888 1071 3940 A
1136 3891 1153 3941 3
1172 3890 1238 3956 quie
1256 3907 1297 3942 na-

159 3978 234 4027 turae
253 3993 302 4029 001,
322 3977 349 4027 A
411 3973 555 4042 iproinde
574 3975 622 4028 (101.
643 3976 698 4028 Iun
752 3973 982 4028 collaudatura
1039 3975 1169 4029 lacunam
1189 3978 1298 4047 ciperani

159 4061 316 4115 8rationali
335 4079 348 4114 e
366 4060 494 4113 rationale
513 4079 580 4116 corr.
599 4063 626 4114 A
688 4061 861 4129 othymiccu
878 4061 905 4114 A
972 4064 1004 4116 lo
1024 4060 1108 4113 *illud
1127 4062 1155 4115 A
1226 4067 1258 4118 14
1276 4069 1298 4116 01

155 4151 291 4217 posterius
310 4167 359 4203 001.
374 4150 401 4201 Α
462 4150 544 4216 priris
562 4163 613 4214 quo
631 4149 700 4217 Rip:
718 4164 784 4215 quae
803 4149 858 4201 AB
930 4150 963 4203 16
981 4151 1008 4200 01
1022 4150 1163 4216 posterius
1182 4151 1235 4205 del.
1248 4153 1300 4220 nep

160 4239 191 4290 19
211 4237 275 4288 certi
294 4253 385 4288 snmus
404 4236 440 4302 B,
458 4235 621 4288 certissimus
640 4236 666 4288 A
732 4235 796 4288 durii
816 4237 843 4288 A
908 4234 1060 4298 0400110,
1083 4238 1111 4288 01
1130 4237 1157 4290 A
1225 4241 1258 4293 25
1276 4241 1300 4291 01

159 4340 208 4376 oria.
229 4324 256 4375 A
308 4325 340 4377 27
360 4326 400 4375 est
417 4324 452 4389 B,
472 4325 498 4375 et
516 4323 544 4376 A
596 4325 630 4377 29
649 4323 767 4390 suggilat
785 4324 812 4376 A
