2820 4914
552 395 583 448 X.
602 395 646 447 De
664 395 770 447 anima
790 397 812 448 l.
1186 396 1250 460 299

104 575 248 639 interest.
288 573 363 656 quid
392 573 476 636 enim
499 572 616 654 liquido
639 574 762 653 saperet
785 571 890 634 anima
912 574 988 634 tunc
1011 571 1156 651 Socratis,
1187 573 1250 635 iam

105 698 196 743 sacro
220 678 347 761 nauigio
368 695 522 761 regresso,
545 677 609 739 iam
632 675 742 739 cicutis
765 675 973 738 damnationis
994 676 1164 755 exhaustis,
1187 677 1250 739 iam

107 787 208 848 morte
231 785 397 866 praesente
420 782 528 862 utique
549 783 747 844 consternata
769 780 807 843 ad
827 780 963 861 aliquem
984 783 1115 860 motum,
1140 800 1250 844 secun-

107 889 183 951 dum
199 890 356 966 naturam,
381 890 435 950 aut
451 889 620 966 externata,
644 885 671 948 si
687 903 749 948 non
765 884 935 948 secundum
952 887 1119 947 naturam?
1143 904 1250 966 quam-

108 995 154 1056 uis
187 990 273 1055 enim
303 990 427 1072 placida
449 994 543 1071 atque
565 988 744 1070 tranquilla,
775 1007 869 1070 quam
900 1007 958 1051 nec
988 989 1127 1072 coniugis
1158 989 1249 1054 fletus
1289 1018 1302 1055 5

107 1098 219 1162 statim
242 1096 356 1159 uiduae
380 1113 438 1158 nec
459 1093 629 1158 liberorum
652 1097 835 1176 conspectus
852 1091 961 1156 exinde
976 1093 1165 1175 pupillorum
1180 1095 1250 1177 lege

103 1202 236 1285 pietatis
259 1199 429 1279 inflexerat,
452 1200 502 1262 uel
525 1199 557 1262 in
579 1199 638 1262 hoc
661 1201 768 1261 tamen
791 1201 885 1277 mota,
909 1216 948 1260 ne
971 1201 1158 1279 moueretur,
1182 1198 1250 1281 ipsa

103 1306 286 1371 constantia
316 1321 468 1368 concussa
498 1306 546 1367 est
576 1303 726 1366 aduersus
753 1301 980 1365 inconstantiae
1003 1304 1248 1366 concussionem.

103 1395 183 1494 quid
207 1412 314 1473 autem
338 1407 423 1470 aliud
446 1411 570 1490 saperet
591 1407 650 1470 uir'
663 1406 793 1488 quilibet
814 1405 928 1470 iniuria
943 1406 1111 1470 damnatus
1126 1409 1250 1489 praeter

102 1515 240 1580 iniuriae
264 1514 426 1576 solamen?
463 1512 579 1575 nedum
601 1510 816 1593 philosophus,
838 1510 956 1594 gloriae
976 1512 1102 1591 animal,
1127 1513 1176 1574 cui
1192 1531 1249 1575 noc
1276 1541 1302 1579 ιο

102 1618 300 1684 consolanda
330 1619 379 1680 est
408 1615 530 1696 iniuria,
565 1615 619 1679 sed
649 1614 753 1697 potius
784 1614 973 1678 insultanda.
1013 1615 1145 1697 denique
1178 1620 1250 1697 post

103 1722 300 1788 sententiam
323 1720 433 1785 obuiae
464 1720 588 1802 coniugi
619 1723 649 1784 et
679 1719 874 1783 muliebriter
903 1720 1103 1784 inclamanti:
1133 1720 1249 1785 iniuste

104 1830 276 1892 damnatus
308 1845 341 1889 es
371 1823 528 1889 Socrates!
562 1824 626 1887 iam
661 1828 693 1888 et
723 1824 760 1886 de
791 1824 999 1906 gratulatione
1029 1826 1248 1907 responderat:

103 1931 238 1997 uolebas
270 1933 377 1994 autem
407 1930 510 1993 iuste?
544 1947 605 2010 quo
635 1927 713 1991 nihil
743 1928 931 2008 mirandum,
963 1929 990 1992 si
1016 1932 1047 1993 et
1069 1929 1103 1993 in
1125 1948 1248 1994 carcere

104 2037 279 2102 inuiscatas
302 2034 400 2116 Anyti
424 2037 455 2097 et
477 2022 577 2096 Meliti
600 2033 721 2115 palmas
744 2033 840 2116 gestit
861 2033 1029 2116 infringere
1057 2034 1126 2117 ipsa
1148 2038 1249 2098 morte
1276 2062 1301 2102 15

105 2160 214 2206 coram
238 2139 508 2203 immortalitatem
531 2137 693 2201 uindicans
717 2137 841 2200 animae
864 2138 1040 2202 necessaria
1065 2157 1250 2222 praesump-

106 2247 193 2311 tione
218 2245 257 2308 ad
279 2243 410 2307 iniuriae
432 2242 678 2306 frustrationem.
718 2243 794 2306 adeo
818 2243 920 2306 omnis
935 2244 990 2306 illa
1005 2247 1081 2308 tunc
1097 2244 1250 2327 sapientia

107 2349 246 2415 Socratis
270 2349 307 2411 de
331 2348 484 2411 industria
506 2350 637 2410 uenerat
659 2347 821 2411 consultae
844 2347 1109 2429 aequanimitatis,
1132 2367 1194 2412 non
1211 2349 1248 2412 de

106 2454 224 2518 fiducia
253 2457 430 2535 compertae
459 2451 610 2515 ueritatis.
649 2452 698 2515 oui
729 2452 813 2515 enim
844 2452 961 2516 ueritas
992 2456 1151 2536 comperta
1182 2454 1248 2517 sine

107 2561 187 2624 deo?
223 2560 273 2621 oui
296 2557 372 2621 deus
396 2556 540 2640 cognitus
564 2557 629 2619 sine
653 2555 799 2620 Christo?
833 2557 883 2621 cui
906 2555 1048 2621 Christus
1072 2559 1248 2640 exploratus
1275 2585 1301 2624 ao

107 2665 177 2728 sine
201 2663 313 2744 spiritu
337 2664 467 2752 sancto?
502 2661 552 2724 cui
581 2661 709 2744 spiritus
741 2664 868 2725 sanctus
899 2663 1152 2727 accommodatus
1180 2662 1248 2726 sine

106 2768 181 2832 fidei
198 2769 416 2831 sacramento?
440 2784 514 2829 sane
527 2765 668 2831 Socrates
683 2765 806 2830 facilius
824 2767 944 2830 diuerso
961 2767 1069 2849 spiritu
1086 2767 1245 2850 agebatur.

106 2872 264 2954 siquidem
288 2871 375 2934 aiunt
398 2870 597 2934 daemonium
619 2870 665 2933 illi
688 2888 707 2934 a
728 2889 824 2953 puero
851 2870 1044 2951 adhaesisse,
1074 2870 1247 2952 pessimum

104 2994 218 3041 reuera
239 2975 467 3059 paedagogum,
492 2975 551 3039 etsi
573 2977 644 3058 post
667 2975 739 3039 deos
757 2980 788 3040 et
803 2994 875 3039 cum
891 2975 956 3040 deis
972 2976 1136 3040 daemonia
1151 2977 1247 3060 depu-

105 3084 215 3146 tantur
237 3099 333 3162 penes
357 3083 465 3162 poetas
490 3082 520 3144 et
542 3080 753 3163 philosophos.
792 3081 932 3144 nondum
952 3081 1036 3144 enim
1052 3079 1247 3145 Christianae
1273 3106 1300 3147 25

105 3185 270 3269 potestatis
303 3185 491 3249 documenta
520 3189 746 3266 processerant,
778 3204 857 3267 quac
886 3186 952 3249 uim
979 3184 1073 3249 istam
1096 3186 1248 3268 pernicio-

105 3290 267 3354 sissimam
291 3307 348 3352 nec
374 3306 524 3369 umquam
547 3289 663 3354 bonam
686 3289 795 3371 atquin
819 3290 919 3354 omnis
943 3289 1056 3354 erroris
1083 3290 1246 3370 artificem,

105 3394 209 3458 omnis
232 3392 374 3457 ueritatis
391 3393 599 3458 auocatricem
615 3395 681 3458 sola
697 3394 839 3459 traducit.
870 3395 981 3477 quodsi
995 3396 1107 3459 idcireo
1125 3395 1248 3478 sapien-

105 3498 250 3563 tissimus
273 3496 414 3562 Socrates
438 3499 610 3562 secundum
625 3498 730 3581 Pythii
749 3517 870 3582 quoque
886 3500 1046 3564 daemonis
1064 3500 1246 3583 suffragium

151 3743 168 3796 3
187 3742 290 3794 motum
309 3741 378 3795 Lot:
396 3740 505 3794 modum
524 3743 552 3795 B
608 3743 625 3796 4
643 3745 779 3797 externata
796 3744 865 3814 Rip:
883 3746 1020 3797 externum
1038 3745 1066 3797 Β
1122 3745 1247 3797 naturam

108 3830 173 3885 Gal:
192 3830 362 3882 consternata
379 3829 406 3882 Β
461 3830 493 3883 13
512 3845 539 3881 es
559 3829 621 3884 ceo:
641 3832 681 3882 est
698 3831 726 3883 Β
783 3830 973 3898 gratulatione]
993 3830 1127 3884 Socratica
1145 3831 1247 3884 ratione

105 3921 180 3987 fort„
199 3918 285 3984 grat<a
298 3914 478 3978 sim>ulatione
491 3917 635 3970 Heraclius
691 3918 723 3971 14
741 3932 792 3984 quo
806 3919 855 3972 dcl.
871 3919 921 3973 Get
976 3921 1007 3972 15
1026 3917 1169 3970 inniscatas
1185 3919 1248 3972 Gal:

105 4005 136 4057 in
158 4008 185 4057 te
208 4002 351 4055 inuiscatas
374 4003 409 4069 B,
432 4001 602 4055 lemniscatas
625 4004 689 4069 Lot,
714 4005 741 4056 et
763 4003 842 4063 inte<r
864 4003 981 4066 uincula>
1004 4004 1148 4057 inuiscatas
1171 4006 1246 4060 Har-

105 4093 187 4147 tcliaa
239 4089 321 4157 gestit
338 4090 450 4158 scripsi:
467 4089 551 4156 gestio
570 4090 605 4156 B,
623 4090 739 4157 gestiens
757 4091 837 4160 qu,
857 4091 907 4146 Gal
966 4093 999 4146 16
1017 4090 1246 4144 immortalitatem

105 4177 247 4232 uindicans
265 4175 369 4229 animae
384 4176 448 4231 Gel:
465 4175 656 4228 immortaltem
675 4176 814 4231 uindicans
833 4179 949 4231 animam
962 4180 997 4242 Β,
1016 4178 1246 4233 immortalitatem

107 4262 229 4316 uindicat
240 4262 344 4316 ammae
357 4264 422 4330 Lot,
435 4262 614 4317 immortalem
628 4262 766 4317 uindicans
780 4265 897 4319 animam
910 4266 1053 4322 Hcrtclias
1106 4268 1139 4321 27
1153 4267 1247 4334 atquin

107 4349 194 4404 omnis
216 4348 355 4405 oehlerus:
374 4349 448 4418 atqui
466 4349 583 4403 hominis
601 4352 637 4420 B,
656 4350 759 4418 antiqui
776 4352 833 4405 Lat
