2820 4914
387 397 438 451 III.
457 396 504 450 Ad
522 397 672 450 nationes
690 397 771 450 libl
790 398 864 450 1-3.
1150 396 1189 459 61

47 569 172 658 nabet
197 572 261 653 sed,
278 572 366 636 uerbi
382 573 492 656 gratia,
517 574 543 635 si
558 572 596 635 de
611 572 765 636 homicida
779 571 983 651 consultatur,
1007 590 1069 636 non
1085 573 1192 635 statim

49 676 202 740 confesso
222 673 227 760 Ι
248 693 283 740 eo
306 694 421 740 nomeu
443 675 617 740 homicidae
640 675 805 758 dispuncta
827 693 921 739 causa
944 678 992 739 est
1012 679 1066 739 ant
1081 676 1193 740 satiata

52 779 206 863 cognitio.
227 780 232 863 Ι
252 798 442 863 quamquam
464 780 613 844 confossis
633 779 758 843 difficile
774 777 917 864 crediltiS,
940 798 1050 843 uerum
1066 780 1193 863 insuper

53 881 292 969 consequentia
322 885 458 968 exigitiS,
492 884 633 966 quotiens
665 884 792 947 caedem
823 884 935 967 egerit,
970 883 1081 966 quibus
1112 885 1192 965 telis,

55 987 173 1069 quibus
199 990 232 1052 in
258 986 369 1071 locis!
397 988 509 1070 quibus
540 988 645 1070 spoliis
676 989 765 1051 sociis
794 987 1015 1070 receptoribus
1050 1008 1089 1052 ne
1120 989 1193 1070 quid
1231 1014 1244 1054 ⁵

56 1093 187 1156 omnino
214 1093 290 1156 mali
315 1093 449 1156 hominis
477 1090 650 1177 deliltescat
677 1094 731 1155 aut
753 1092 833 1156 desit
856 1092 971 1174 abquid
992 1093 1192 1157 instruendae

57 1199 98 1261 ad
122 1199 313 1262 sententiam
333 1198 466 1261 ueritati.
510 1215 601 1279 porro
621 1195 626 1281 Ι
646 1197 683 1260 de
706 1196 804 1277 nobis,
834 1214 909 1278 quos
934 1184 1133 1261 atrocioribus
1158 1214 1193 1260 ac
1273 1194 1275 1198 ’

58 1302 201 1385 pluribus
240 1302 421 1366 criminibus
461 1302 629 1384 deputatis,
673 1298 824 1386 brenilora
863 1320 899 1365 ac
936 1302 1054 1365 leuiora
1092 1302 1193 1385 elogia

59 1405 222 1472 conficitis.
275 1406 376 1488 credo,
400 1425 462 1470 non
484 1406 580 1470 uultis
603 1409 757 1485 oneratos
781 1423 857 1487 quos
878 1403 883 1491 Ι
903 1407 988 1470 omni
1011 1424 1101 1489 opere
1123 1425 1192 1488 per-

59 1510 140 1575 ditos
167 1510 276 1590 uultis
299 1513 353 1574 aut
375 1528 437 1574 non
459 1511 576 1592 putatis
591 1509 777 1592 requirenda
792 1528 871 1591 quae
887 1507 1003 1596 uosftis.
1048 1511 1191 1594 hocergo
1219 1535 1243 1572 ιο

58 1615 248 1698 peruersius
271 1616 297 1679 si
317 1614 428 1698 cogitis
444 1633 558 1698 negare
573 1614 611 1678 de
627 1613 739 1696 quibus
756 1615 928 1678 certissime
944 1615 1039 1678 scitis,
1062 1612 1065 1698 Ι
1085 1615 1191 1694 immo,

59 1737 121 1801 quo
151 1720 253 1803 magis
283 1719 352 1782 odio
379 1722 483 1783 uestro
508 1718 705 1801 competebat
728 1719 864 1800 seposita
886 1718 986 1782 forma
1008 1719 1164 1782 iudicandi
1187 1715 1191 1803 Ι

58 1823 183 1906 proprio
214 1823 316 1887 studio
346 1840 408 1887 non
438 1823 477 1886 ad
507 1824 705 1906 negationem
739 1825 872 1902 certare,
906 1841 946 1886 ne
977 1841 1053 1905 quos
1084 1823 1192 1887 odistis

57 1923 258 2012 liberalretis,
293 1926 347 1990 sed
379 1926 418 1990 ad
447 1926 675 1990 confessionem
705 1926 900 2009 singulorum
931 1927 1097 2006 scelernm,
1132 1943 1192 2007 quo

58 2032 162 2115 magis
192 2031 372 2095 inimicitiae
399 2028 403 2115 Ι
431 2031 619 2095 satiarentur
642 2034 879 2115 exaggeratione
906 2049 1087 2114 poenarum,
1118 2030 1193 2093 dnm
1220 2062 1245 2101 15

58 2136 291 2220 recognoscitur
309 2139 385 2218 quot
404 2136 408 2217 Ι
428 2136 559 2217 quisque
579 2135 643 2199 iam
662 2136 805 2199 conuiuia
823 2136 877 2200 illa
900 2136 1095 2215 celebrasset,
1119 2154 1194 2217 quo·

58 2241 140 2305 tiens
164 2241 196 2303 iu
219 2240 356 2304 tenebris
379 2237 579 2324 incursaslset
600 2240 740 2304 incesta?
782 2240 876 2322 qnid?
914 2241 997 2322 quod
1020 2240 1194 2304 eradicandi

58 2345 184 2428 generis
219 2344 420 2408 diffundenda
454 2348 521 2409 erat
553 2341 736 2429 requisiltio,
770 2345 955 2428 porrigenda
988 2346 1127 2427 quaestio
1160 2346 1193 2408 in

60 2450 160 2513 socios
190 2449 399 2530 consciosque.
465 2448 707 2531 perducerentur
727 2452 731 2530 Ι
750 2449 934 2513 infantariae
966 2451 997 2512 et
1026 2450 1104 2530 coci,
1134 2449 1194 2531 ipsi

59 2572 154 2616 canes
176 2552 320 2635 pronubi,
347 2552 582 2616 emendatores
606 2557 697 2617 esset.
745 2553 839 2617 etiam
860 2551 863 2638 Ι
884 2554 1070 2635 spectaculis
1093 2553 1193 2637 gratia
1219 2583 1245 2621 eo

10 2662 40 2715 ¹2¹
58 2658 291 2740 adgregaretnr.
347 2661 462 2739 quanto
494 2658 577 2720 enim
608 2658 708 2721 studio
736 2659 768 2721 in
796 2675 923 2721 caueam
945 2655 954 2742 ΙΙ
976 2657 1193 2722 conueniretnr

57 2763 276 2845 depugnaturo
299 2761 402 2843 aliquo
425 2762 478 2844 qui
498 2747 626 2825 'centum
649 2762 785 2825 infantes
809 2759 1018 2847 deuoraslset?
1056 2763 1082 2825 si
1110 2763 1192 2826 enim

57 2871 127 2932 tam
150 2867 303 2931 horrenda
324 2870 450 2949 tamque
472 2869 671 2931 monstruosa
694 2867 731 2930 de
753 2866 843 2931 nobis
864 2864 1062 2952 defelruntur,
1086 2868 1192 2949 utique

58 2967 126 3035 erni
156 2972 338 3052 debuerunt,
369 2991 408 3035 ue
437 2971 629 3035 incredibilia
658 2971 838 3035 uiderentur
869 2976 900 3035 et
929 2969 1044 3057 odilam
1073 2972 1105 3035 iu
1136 2990 1192 3036 nos

57 3075 221 3159 publicum
250 3075 473 3160 refrigesceret.
518 3094 592 3140 uam
623 3079 654 3139 et
682 3076 820 3157 plerique
843 3075 936 3139 fidem
959 3077 1069 3140 talium
1089 3079 1093 3157 Ι
1113 3080 1193 3140 tem·
1219 3105 1244 3145 25

56 3183 180 3264 perant,
202 3181 390 3244 honorantes
406 3183 560 3268 naturam,
585 3198 662 3262 quae
679 3198 772 3261 quam
788 3198 935 3262 quaerere
955 3181 1106 3263 pabulum
1121 3181 1193 3244 feri-

57 3303 137 3348 num
157 3282 161 3368 Ι
182 3303 276 3366 quam
299 3284 498 3349 concubitum
522 3284 560 3348 ab
584 3285 720 3348 humano
743 3304 856 3368 genere
879 3286 1055 3368 praeclusit.

102 3388 133 3452 3.
164 3389 229 3453 Vos
251 3389 356 3472 igitur,
380 3390 457 3453 alias
477 3387 481 3473 Ι
502 3389 733 3472 diligentissimi
756 3408 791 3453 ac
812 3390 1053 3470 pertinacissimi
1076 3391 1193 3455 discus-

58 3511 145 3558 sores
170 3494 323 3558 scelerum
345 3494 437 3577 longe
453 3481 626 3573 minorum,
648 3490 651 3576 Ι
672 3511 744 3556 cum
767 3493 882 3557 tahbus
905 3498 971 3558 tam
986 3495 1146 3559 horrendis
1163 3499 1194 3559 et

59 3616 187 3662 omnem
216 3598 412 3681 impietatem
443 3598 651 3682 supergressis
686 3616 756 3661 eam
783 3596 787 3682 Ι
814 3598 1009 3682 diligentiam
1044 3600 1192 3663 deseratis
1219 3627 1244 3666 eo
1312 3601 1316 3610 '

105 3825 119 3877 1
139 3821 306 3876 consultatur
327 3824 397 3893 Rip:
419 3822 573 3877 confutatur
594 3823 621 3876 A
691 3826 707 3879 3
729 3839 889 3891 quamquam
912 3824 1001 3892 (prius
1023 3841 1050 3877 rn
1069 3842 1101 3880 erc
1119 3826 1148 3892 n)
1164 3826 1193 3878 A

60 3909 169 3964 creditis
181 3911 250 3979 Rip:
267 3910 419 3974 credatisA
473 3912 505 3965 12
518 3910 588 3979 quod
600 3911 663 3980 Rip,
682 3911 723 3963 aio
740 3910 844 3980 Uesper
856 3913 997 3979 Boethius,
1014 3915 1113 3979 quanto
1128 3915 1192 3981 fort.

61 3999 95 4052 18
113 3996 217 4064 questio
235 3997 262 4049 A
335 4000 367 4053 19
386 3997 555 4066 consciosque
576 3998 660 4054 Goth:
677 3998 817 4051 consocios⁴
837 4014 903 4066 quae
921 4000 949 4052 A
1012 3997 1149 4051 infantarii
1167 4003 1194 4051 et

60 4083 138 4151 coqui
156 4086 184 4136 et
201 4083 253 4151 ipsi
270 4085 326 4154 Rip
377 4086 411 4139 22
429 4085 452 4138 si
473 4084 611 4140 oehlerus:
630 4084 675 4137 sed
692 4087 720 4139 A
772 4088 807 4140 24
824 4085 989 4138 incredibilia
1008 4085 1093 4141 Gotb:
1110 4085 1193 4137 inore-

60 4169 133 4224 dibia
151 4171 179 4224 A
231 4172 266 4226 26
283 4169 444 4225 honorantes
461 4171 656 4226 miserentes
673 4172 729 4242 Rip
781 4187 947 4241 quaequam
964 4172 1027 4227 odd.
1041 4173 1081 4226 M.
1094 4173 1193 4226 Kross-

59 4275 177 4314 mnacac
230 4272 337 4325 querere
354 4260 381 4313 A
434 4260 467 4314 27
486 4259 577 4328 qnam]
597 4257 668 4327 quod
683 4258 808 4315 chicrus
860 4259 1081 4314 concubitumM.
1094 4260 1193 4314 Klase-

59 4363 193 4401 mancus:
205 4344 347 4399 concubitu
358 4347 394 4414 A,
407 4345 562 4400 concubitus
574 4347 637 4416 Rip,
650 4346 791 4414 concupitu
806 4347 877 4403 Goth
934 4348 967 4402 29
979 4346 1007 4399 in
1020 4345 1117 4400 talibus
1128 4348 1191 4415 fort.
