2820 4914
221 388 284 451 214
453 388 566 453 Quinti
587 386 725 456 Septimi
744 385 913 440 Plorantis
931 384 1133 439 Tertulliani

220 564 521 653 communicationis.
560 582 622 627 uon
645 563 743 627 debeo
766 564 798 627 iu
821 563 884 627 illis
907 580 1094 646 cognoscere
1117 563 1201 645 qnod
1223 561 1342 625 mihiest

219 672 431 751 praeceptum,
463 669 619 750 quianon
643 668 725 731 idem
749 668 825 731 deus
849 671 898 732 est
920 666 1010 732 uobis
1034 670 1066 731 et
1092 667 1166 747 illis,
1196 685 1251 731 nec
1277 683 1343 730 unus

221 773 374 853 Christus
399 773 429 836 id
453 775 501 836 est
524 772 617 852 idem,
645 772 775 854 ideoque
799 791 856 836 uec
878 770 1056 856 baptismus
1079 790 1174 853 unus,
1206 770 1350 853 quianon

220 877 317 951 idem3
349 896 442 975 quiem
474 896 546 961 cum
568 877 627 940 rite
651 895 713 941 non
740 874 889 957 habeant,
921 876 988 939 sine
1019 874 1112 940 dubio
1143 895 1206 940 non
1235 874 1353 952 habent,

181 1010 193 1050 ⁵
221 1002 278 1047 nec
301 982 383 1063 capit
407 982 564 1045 numerari
587 981 669 1063 qnod
693 999 755 1045 non
778 980 926 1054 hebetum
957 980 1002 1044 ita
1032 999 1091 1045 nec
1119 984 1254 1063 possunt
1280 979 1357 1043 acci-

218 1108 302 1170 pere,
326 1087 399 1169 qnia
420 1104 482 1150 non
503 1085 630 1150 habent.
670 1085 724 1149 sed
741 1085 777 1149 de
795 1085 855 1149 isto
870 1085 994 1169 plenius
1009 1084 1074 1150 iam
1089 1085 1182 1151 nobis
1197 1085 1231 1150 in
1246 1080 1348 1151 Gneo

217 1193 378 1279 digestum
402 1195 459 1254 est.
499 1190 595 1253 semel
620 1209 693 1273 ergo
717 1190 880 1253 lauacrum
902 1189 1029 1269 inimus,
1058 1189 1158 1254 semel
1180 1189 1290 1254 delicta
1306 1187 1351 1250 dt

219 1297 359 1375 luuntur,
391 1295 463 1377 quis
494 1313 531 1357 ea
553 1294 658 1358 iterari
682 1313 742 1358 non
774 1296 906 1378 oportet.
945 1295 1085 1357 ceterum
1107 1294 1208 1358 Israel
1231 1293 1342 1358 Iudaeus

219 1400 355 1482 quotidie
385 1400 485 1480 leuat,
518 1399 590 1481 quia
619 1399 756 1480 quotidie
787 1399 978 1480 inquinatur.
1028 1399 1109 1480 quod
1140 1418 1180 1463 ne
1211 1398 1244 1462 in
1272 1396 1343 1462 nobis

168 1532 194 1568 ιο
221 1523 342 1588 quoque
373 1506 578 1583 factitaretur,
610 1508 774 1586 propterea
804 1503 842 1566 de
873 1522 935 1567 uno
965 1504 1090 1567 lauacro
1120 1503 1281 1568 definitum
1300 1503 1344 1565 est.

219 1610 291 1672 felix
315 1628 405 1690 aqua,
436 1627 515 1690 qnae
540 1608 636 1671 semel
662 1607 770 1687 abluit,
803 1626 881 1689 quae
904 1606 1037 1671 ludibrio
1060 1606 1276 1691 peccatoribus
1297 1623 1347 1670 non

220 1717 278 1793 est,
309 1732 388 1794 quae
419 1732 481 1777 non
513 1712 700 1775 adsiduitate
731 1711 870 1775 sordiuru
895 1698 1011 1775 infecta
1031 1730 1252 1794 rursus-qnos
1273 1710 1351 1774 diluit

185 1886 201 1899 ,Ι
221 1818 373 1900 inquinat.
1015 1800 1019 1805 ’
1073 1866 1075 1871 .
1342 1826 1346 1835 ’

191 1914 210 1949 ·”
266 1920 314 1984 16.
339 1922 396 1984 llst
420 1921 545 2003 quidem
569 1920 659 1984 uobis
684 1921 778 1984 etiam
803 1921 976 1984 secundum
1000 1921 1174 2000 laneorum,
1207 1939 1303 1985 unum
1328 1924 1356 1984 et

169 2053 193 2090 15
220 2029 333 2109 ipsum,
369 2025 531 2108 sanguinis
567 2025 696 2105 scilicet,
732 2025 768 2088 de
802 2044 863 2107 quo
893 2024 1049 2105 domium,
1083 2024 1219 2106 habeo,
1251 2026 1357 2108 inquit,

219 2129 405 2212 baptismo
436 2130 573 2212 tingui,
604 2149 676 2192 eum
707 2130 770 2193 iarn
802 2130 921 2193 tinctus
952 2130 1073 2194 fuisset.
1117 2134 1252 2195 uenerat
1281 2131 1359 2194 enim

219 2254 273 2316 per
296 2252 410 2315 aquam
434 2237 465 2297 et
488 2235 684 2317 sanguinem,
708 2234 790 2297 sicut
809 2235 966 2298 lohannes
987 2234 1122 2318 scripsit,
1146 2238 1183 2299 ut
1202 2253 1287 2317 aqna
1304 2237 1361 2300 tin·

218 2328 376 2422 gueretur,
400 2339 552 2421 sauguine
575 2338 810 2422 glorificaretur,
834 2338 961 2422 perinde
985 2357 1041 2403 nos
1065 2339 1184 2403 faceret
1206 2358 1291 2422 aqua
1312 2359 1362 2405 no

219 2449 316 2523 naboe,
348 2443 499 2525 sangnine
523 2444 646 2507 electos.
686 2443 742 2507 hos
774 2443 850 2507 duos
881 2443 1054 2528 baptismos
1078 2444 1116 2507 de
1140 2444 1275 2509 uulnere
1298 2465 1363 2528 per·

166 2574 192 2612 20
218 2548 296 2612 fossi
319 2548 423 2611 lateris
447 2549 560 2627 emisit,
585 2551 739 2629 quatenus
763 2548 815 2629 qni
839 2548 870 2611 in
894 2548 1079 2632 sangninem
1102 2548 1170 2613 eius
1191 2549 1363 2629 crederent,

219 2671 300 2735 aqua
316 2654 508 2732 leuarentur,
532 2653 585 2735 qui
601 2671 682 2734 aqua
697 2653 859 2734 lauissent‚
881 2654 976 2717 etiam
991 2653 1180 2736 sanguinem
1194 2657 1362 2736 portarent.
1376 2674 1399 2713 r

219 2757 270 2821 hic
294 2761 343 2820 est
365 2757 540 2839 baptismus
564 2758 616 2838 qni
641 2741 803 2820 laudarum
828 2761 858 2821 et
881 2777 943 2821 uon
967 2760 1130 2841 acceptum
1151 2761 1366 2841 repraesentat

219 2866 250 2925 et
273 2861 429 2944 perditum
453 2862 563 2925 reddit..

265 2964 313 3028 17.
339 2965 488 3049 Superest
518 2965 555 3029 ad
588 2965 835 3029 concludendam
863 2966 1062 3030 materiolam
1085 2966 1123 3030 de
1147 2966 1366 3035 obseruatione

167 3094 192 3133 es
219 3089 342 3151 quoque
374 3069 467 3132 dandi
500 3072 530 3133 et
561 3070 732 3152 accipiendi
765 3069 915 3152 baptismi
949 3071 1227 3137 commonefacere.
1276 3073 1367 3139 dandi

219 3175 344 3255 quidem
368 3173 533 3237 hebetius
558 3193 700 3237 summus
725 3175 879 3255 sacerdos,
904 3175 956 3257 qui
980 3178 1029 3239 est
1051 3175 1230 3260 episeopus;
1256 3177 1367 3243 debinc

218 3278 391 3360 presbyteri
426 3282 457 3341 et
492 3278 623 3358 diaconi,
659 3298 721 3342 non
755 3281 863 3343 tamen
897 3279 963 3343 sine
1000 3280 1136 3364 episcopi
1167 3283 1367 3362 auctoritate,

218 3385 346 3465 propter
369 3382 518 3446 ecclesiae
541 3383 701 3463 honorem,
734 3401 793 3464 quo
825 3384 1026 3457 saluofsalua
1047 3402 1108 3468 pax
1131 3388 1190 3449 ast.
1229 3387 1368 3469 alioquin

219 3487 314 3550 etiam
338 3487 425 3550 laicis
450 3487 497 3549 ius
521 3490 578 3551 est.
618 3487 701 3569 quod
724 3488 809 3551 euim
833 3508 869 3552 ex
892 3507 991 3571 aequo
1019 3489 1179 3572 accipitur,
1208 3509 1248 3554 ex
1271 3510 1368 3574 aequo

166 3615 192 3654 eo
219 3590 284 3653 dari
307 3594 420 3674 potest.
460 3591 522 3655 uisi
546 3591 682 3675 episcopi
705 3592 769 3656 iam
793 3597 847 3657 aut
870 3592 1045 3676 presbyteri
1067 3595 1123 3657 sut
1144 3593 1285 3677 diaconi,
1313 3615 1368 3661 uo·

218 3698 328 3758 cantur
359 3695 523 3759 discentes
562 3696 681 3760 domini
712 3716 814 3761 sermo
842 3715 904 3762 non
928 3696 1021 3762 debet
1043 3697 1194 3763 abscondi
1220 3698 1264 3765 ab
1292 3702 1366 3766 ullo.

324 3849 367 3917 15]
386 3849 449 3902 nuc.
465 3852 505 3913 re,
520 3853 560 3904 so.
617 3851 660 3919 re]
679 3850 713 3904 cr.
735 3854 747 3906 1
767 3851 824 3905 Ioh.
839 3855 863 3917 5,
877 3856 900 3906 s.

262 3993 273 4043 l
309 4005 451 4056 agnoscere
485 3990 618 4044 Semeros
699 3994 715 4047 8
747 3990 862 4044 Iudaeus
894 3992 1037 4046 delendwm
1068 3998 1154 4048 cossa
1185 3993 1372 4053 Hamoclsies

219 4077 251 4129 18
268 4074 378 4144 perinde
399 4076 512 4144 scripsi:
529 4075 641 4143 proinde
660 4077 687 4130 B
765 4080 796 4130 ut
818 4093 866 4130 nos
890 4079 946 4132 Lot
1016 4077 1117 4133 feceret
1137 4080 1208 4135 Lat:
1230 4080 1322 4138 facere
1345 4086 1372 4140 Β

217 4165 250 4216 20
269 4162 360 4215 omisit
379 4162 440 4230 quie
459 4162 504 4229 qui
523 4163 578 4216 Lat
643 4165 674 4218 21
695 4164 823 4232 sanguiue
841 4167 905 4233 fort.
977 4167 1180 4235 perurentes,
1198 4164 1402 4237 postularent]

216 4253 279 4317 sort.
335 4251 368 4303 25
391 4248 555 4318 baptismum
582 4250 631 4304 cer
684 4253 718 4306 30
742 4254 902 4304 uocarentur
920 4234 1215 4309 Lotssl‘diseentss
1235 4258 1311 4315 Lat.-
1334 4261 1376 4317 di-

218 4342 306 4390 eentes
326 4338 352 4391 B
