<?xml version="1.0" encoding="UTF-8"?>
<!DOCTYPE html PUBLIC "-//W3C//DTD XHTML 1.0 Transitional//EN"
    "http://www.w3.org/TR/xhtml1/DTD/xhtml1-transitional.dtd">
<html xmlns="http://www.w3.org/1999/xhtml" xml:lang="en" lang="en">
 <head>
  <title>
</title>
<meta http-equiv="Content-Type" content="text/html;charset=utf-8" />
  <meta name='ocr-system' content='tesseract 3.04.00' />
  <meta name='ocr-capabilities' content='ocr_page ocr_carea ocr_par ocr_line ocrx_word'/>
</head>
<body>
  <div class='ocr_page' id='page_1' title='image "./qvintiseptimifl00wissgoog_0388.png"; bbox 0 0 2820 4914; ppageno 0'>
   <div class='ocr_carea' id='block_1_1' title="bbox 514 351 1264 462">
    <p class='ocr_par' dir='ltr' id='par_1_1' title="bbox 514 351 1264 462">
     <span class='ocr_line' id='line_1_1' title="bbox 514 351 1264 462; baseline 0.02 -29"><span class='ocrx_word' id='word_1_1' title='bbox 514 383 545 462; x_wconf 77' lang='lat' dir='ltr'>ll.</span> <span class='ocrx_word' id='word_1_2' title='bbox 565 383 609 435; x_wconf 93' lang='lat' dir='ltr'>De</span> <span class='ocrx_word' id='word_1_3' title='bbox 628 382 735 435; x_wconf 88' lang='lat' dir='ltr'>anima</span> <span class='ocrx_word' id='word_1_4' title='bbox 752 385 863 439; x_wconf 83' lang='lat'><strong>37-38.</strong></span> <span class='ocrx_word' id='word_1_5' title='bbox 1199 351 1264 447; x_wconf 75' lang='grc'>365</span> 
     </span>
    </p>
   </div>
   <div class='ocr_carea' id='block_1_2' title="bbox 78 558 1356 3476">
    <p class='ocr_par' dir='ltr' id='par_1_2' title="bbox 125 558 1266 957">
     <span class='ocr_line' id='line_1_2' title="bbox 127 558 1264 642; baseline 0.001 -21"><span class='ocrx_word' id='word_1_6' title='bbox 127 559 235 622; x_wconf 89' lang='lat' dir='ltr'>aetatis</span> <span class='ocrx_word' id='word_1_7' title='bbox 268 559 369 642; x_wconf 87' lang='lat' dir='ltr'>spatia</span> <span class='ocrx_word' id='word_1_8' title='bbox 397 558 562 640; x_wconf 70' lang='lat' dir='ltr'>proaedere</span> <span class='ocrx_word' id='word_1_9' title='bbox 595 561 625 622; x_wconf 91' lang='lat' dir='ltr'>et</span> <span class='ocrx_word' id='word_1_10' title='bbox 655 559 739 622; x_wconf 89' lang='lat' dir='ltr'>uarie</span> <span class='ocrx_word' id='word_1_11' title='bbox 769 578 825 642; x_wconf 90' lang='lat' dir='ltr'>per</span> <span class='ocrx_word' id='word_1_12' title='bbox 856 558 1028 622; x_wconf 89' lang='lat' dir='ltr'>accidentia</span> <span class='ocrx_word' id='word_1_13' title='bbox 1054 558 1185 622; x_wconf 90' lang='lat' dir='ltr'>euadere</span> <span class='ocrx_word' id='word_1_14' title='bbox 1208 577 1264 642; x_wconf 94' lang='lat' dir='ltr'>pro</span> 
     </span>
     <span class='ocr_line' id='line_1_3' title="bbox 126 663 1264 747; baseline 0.001 -21"><span class='ocrx_word' id='word_1_15' title='bbox 126 663 254 744; x_wconf 68' lang='lat' dir='ltr'>artibus</span> <span class='ocrx_word' id='word_1_16' title='bbox 277 682 331 745; x_wconf 90' lang='lat' dir='ltr'>pro</span> <span class='ocrx_word' id='word_1_17' title='bbox 347 664 510 744; x_wconf 91' lang='lat' dir='ltr'>institutis,</span> <span class='ocrx_word' id='word_1_18' title='bbox 530 682 585 747; x_wconf 91' lang='lat' dir='ltr'>pro</span> <span class='ocrx_word' id='word_1_19' title='bbox 601 664 686 744; x_wconf 91' lang='lat' dir='ltr'>locis,</span> <span class='ocrx_word' id='word_1_20' title='bbox 702 682 758 746; x_wconf 93' lang='lat' dir='ltr'>pro</span> <span class='ocrx_word' id='word_1_21' title='bbox 775 663 1029 729; x_wconf 76' lang='lat' dir='ltr'>dominatricibus</span> <span class='ocrx_word' id='word_1_22' title='bbox 1044 663 1264 746; x_wconf 69' lang='lat' dir='ltr'>potestatibus</span> 
     </span>
     <span class='ocr_line' id='line_1_4' title="bbox 125 768 1266 852; baseline 0.001 -21"><span class='ocrx_word' id='word_1_23' title='bbox 125 768 206 850; x_wconf 93' lang='lat' dir='ltr'>quod</span> <span class='ocrx_word' id='word_1_24' title='bbox 230 771 337 832; x_wconf 91' lang='lat' dir='ltr'>tamen</span> <span class='ocrx_word' id='word_1_25' title='bbox 359 768 454 832; x_wconf 86' lang='lat' dir='ltr'>faciat</span> <span class='ocrx_word' id='word_1_26' title='bbox 476 769 516 831; x_wconf 89' lang='lat' dir='ltr'>ad</span> <span class='ocrx_word' id='word_1_27' title='bbox 539 769 641 832; x_wconf 89' lang='lat' dir='ltr'>caruis</span> <span class='ocrx_word' id='word_1_28' title='bbox 663 769 848 850; x_wconf 91' lang='lat' dir='ltr'>animaeque</span> <span class='ocrx_word' id='word_1_29' title='bbox 863 768 1054 852; x_wconf 76' lang='lat' dir='ltr'>propositam</span> <span class='ocrx_word' id='word_1_30' title='bbox 1070 787 1153 832; x_wconf 92' lang='lat' dir='ltr'>nunc</span> <span class='ocrx_word' id='word_1_31' title='bbox 1168 770 1266 833; x_wconf 91' lang='lat' dir='ltr'>socic-</span> 
     </span>
     <span class='ocr_line' id='line_1_5' title="bbox 125 871 1263 957; baseline 0.001 -21"><span class='ocrx_word' id='word_1_32' title='bbox 125 876 238 953; x_wconf 88' lang='lat' dir='ltr'>tatem,</span> <span class='ocrx_word' id='word_1_33' title='bbox 271 871 471 956; x_wconf 79' lang='lat' dir='ltr'>pubertatem</span> <span class='ocrx_word' id='word_1_34' title='bbox 505 891 626 955; x_wconf 90' lang='lat' dir='ltr'>quoque</span> <span class='ocrx_word' id='word_1_35' title='bbox 657 873 831 955; x_wconf 78' lang='lat' dir='ltr'>animalem</span> <span class='ocrx_word' id='word_1_36' title='bbox 857 892 928 937; x_wconf 92' lang='lat' dir='ltr'>cum</span> <span class='ocrx_word' id='word_1_37' title='bbox 960 874 1077 939; x_wconf 87' lang='lat' dir='ltr'>carnali</span> <span class='ocrx_word' id='word_1_38' title='bbox 1106 871 1263 957; x_wconf 74' lang='lat' dir='ltr'>dicimusl</span> 
     </span>
    </p>

    <p class='ocr_par' dir='ltr' id='par_1_3' title="bbox 80 977 1319 1902">
     <span class='ocr_line' id='line_1_6' title="bbox 80 977 1318 1062; baseline 0.003 -24"><span class='ocrx_word' id='word_1_39' title='bbox 80 984 114 1039; x_wconf 80' lang='lat'>50</span> <span class='ocrx_word' id='word_1_40' title='bbox 125 977 292 1042; x_wconf 89' lang='lat' dir='ltr'>conuenire</span> <span class='ocrx_word' id='word_1_41' title='bbox 314 980 492 1060; x_wconf 87' lang='lat' dir='ltr'>pariterque</span> <span class='ocrx_word' id='word_1_42' title='bbox 516 980 547 1042; x_wconf 88' lang='lat' dir='ltr'>et</span> <span class='ocrx_word' id='word_1_43' title='bbox 569 979 657 1042; x_wconf 91' lang='lat' dir='ltr'>illam</span> <span class='ocrx_word' id='word_1_44' title='bbox 680 982 830 1062; x_wconf 89' lang='lat' dir='ltr'>suggestu</span> <span class='ocrx_word' id='word_1_45' title='bbox 854 997 1003 1042; x_wconf 90' lang='lat' dir='ltr'>sensuum</span> <span class='ocrx_word' id='word_1_46' title='bbox 1027 982 1059 1043; x_wconf 92' lang='lat' dir='ltr'>ct</span> <span class='ocrx_word' id='word_1_47' title='bbox 1080 979 1175 1043; x_wconf 88' lang='lat' dir='ltr'>istam</span> <span class='ocrx_word' id='word_1_48' title='bbox 1194 997 1265 1062; x_wconf 90' lang='lat' dir='ltr'>pro·</span> <span class='ocrx_word' id='word_1_49' title='bbox 1306 1005 1318 1043; x_wconf 78' lang='lat'>⁵</span> 
     </span>
     <span class='ocr_line' id='line_1_7' title="bbox 124 1083 1265 1166; baseline 0.003 -20"><span class='ocrx_word' id='word_1_50' title='bbox 124 1102 216 1148; x_wconf 88' lang='lat' dir='ltr'>cessu</span> <span class='ocrx_word' id='word_1_51' title='bbox 247 1083 461 1147; x_wconf 92' lang='lat' dir='ltr'>membrorum</span> <span class='ocrx_word' id='word_1_52' title='bbox 488 1101 653 1166; x_wconf 79' lang='lat' dir='ltr'>exsurgere</span> <span class='ocrx_word' id='word_1_53' title='bbox 676 1087 826 1166; x_wconf 84' lang='lat' dir='ltr'>equanto</span> <span class='ocrx_word' id='word_1_54' title='bbox 850 1084 969 1149; x_wconf 92' lang='lat' dir='ltr'>decimo</span> <span class='ocrx_word' id='word_1_55' title='bbox 993 1085 1057 1149; x_wconf 89' lang='lat' dir='ltr'>fere</span> <span class='ocrx_word' id='word_1_56' title='bbox 1081 1103 1173 1165; x_wconf 91' lang='lat' dir='ltr'>anno,</span> <span class='ocrx_word' id='word_1_57' title='bbox 1203 1102 1265 1148; x_wconf 93' lang='lat' dir='ltr'>non</span> 
     </span>
     <span class='ocr_line' id='line_1_8' title="bbox 124 1186 1267 1273; baseline 0.001 -22"><span class='ocrx_word' id='word_1_58' title='bbox 124 1190 199 1271; x_wconf 90' lang='lat' dir='ltr'>quia</span> <span class='ocrx_word' id='word_1_59' title='bbox 221 1186 424 1271; x_wconf 79' lang='lat' dir='ltr'>Asclepiades</span> <span class='ocrx_word' id='word_1_60' title='bbox 454 1188 525 1251; x_wconf 92' lang='lat' dir='ltr'>inde</span> <span class='ocrx_word' id='word_1_61' title='bbox 556 1189 741 1270; x_wconf 86' lang='lat' dir='ltr'>sapientiam</span> <span class='ocrx_word' id='word_1_62' title='bbox 769 1192 928 1273; x_wconf 89' lang='lat' dir='ltr'>supputat,</span> <span class='ocrx_word' id='word_1_63' title='bbox 959 1207 1017 1253; x_wconf 90' lang='lat' dir='ltr'>nec</span> <span class='ocrx_word' id='word_1_64' title='bbox 1040 1190 1111 1271; x_wconf 90' lang='lat' dir='ltr'>quia</span> <span class='ocrx_word' id='word_1_65' title='bbox 1133 1190 1202 1253; x_wconf 92' lang='lat' dir='ltr'>iura</span> <span class='ocrx_word' id='word_1_66' title='bbox 1224 1189 1267 1253; x_wconf 91' lang='lat' dir='ltr'>ci-</span> 
     </span>
     <span class='ocr_line' id='line_1_9' title="bbox 124 1293 1267 1377; baseline 0.001 -21"><span class='ocrx_word' id='word_1_67' title='bbox 124 1294 200 1356; x_wconf 87' lang='lat' dir='ltr'>uilia</span> <span class='ocrx_word' id='word_1_68' title='bbox 223 1293 336 1357; x_wconf 90' lang='lat' dir='ltr'>abhinc</span> <span class='ocrx_word' id='word_1_69' title='bbox 360 1293 489 1377; x_wconf 83' lang='lat' dir='ltr'>agendis</span> <span class='ocrx_word' id='word_1_70' title='bbox 512 1294 605 1357; x_wconf 91' lang='lat' dir='ltr'>rebus</span> <span class='ocrx_word' id='word_1_71' title='bbox 629 1294 856 1376; x_wconf 88' lang='lat' dir='ltr'>adtemperant,</span> <span class='ocrx_word' id='word_1_72' title='bbox 888 1295 1113 1375; x_wconf 87' lang='lat' dir='ltr'>sedquoniam</span> <span class='ocrx_word' id='word_1_73' title='bbox 1137 1294 1267 1358; x_wconf 88' lang='lat' dir='ltr'>ethaeo</span> 
     </span>
     <span class='ocr_line' id='line_1_10' title="bbox 125 1397 1266 1482; baseline 0 -21"><span class='ocrx_word' id='word_1_74' title='bbox 125 1399 163 1461; x_wconf 94' lang='lat' dir='ltr'>de</span> <span class='ocrx_word' id='word_1_75' title='bbox 193 1398 360 1481; x_wconf 89' lang='lat' dir='ltr'>primordio</span> <span class='ocrx_word' id='word_1_76' title='bbox 390 1399 469 1463; x_wconf 85' lang='lat' dir='ltr'>ratio</span> <span class='ocrx_word' id='word_1_77' title='bbox 501 1401 557 1462; x_wconf 88' lang='lat' dir='ltr'>est.</span> <span class='ocrx_word' id='word_1_78' title='bbox 604 1399 632 1462; x_wconf 88' lang='lat' dir='ltr'>si</span> <span class='ocrx_word' id='word_1_79' title='bbox 662 1399 745 1463; x_wconf 92' lang='lat' dir='ltr'>euim</span> <span class='ocrx_word' id='word_1_80' title='bbox 767 1397 872 1462; x_wconf 88' lang='lat' dir='ltr'>Adam</span> <span class='ocrx_word' id='word_1_81' title='bbox 903 1402 934 1462; x_wconf 91' lang='lat' dir='ltr'>et</span> <span class='ocrx_word' id='word_1_82' title='bbox 955 1399 1023 1462; x_wconf 79' lang='lat' dir='ltr'>Eua</span> <span class='ocrx_word' id='word_1_83' title='bbox 1050 1419 1085 1462; x_wconf 84' lang='lat' dir='ltr'>ex</span> <span class='ocrx_word' id='word_1_84' title='bbox 1109 1400 1266 1482; x_wconf 89' lang='lat' dir='ltr'>agnitione</span> 
     </span>
     <span class='ocr_line' id='line_1_11' title="bbox 124 1503 1319 1588; baseline -0.002 -21"><span class='ocrx_word' id='word_1_85' title='bbox 124 1504 200 1567; x_wconf 91' lang='lat' dir='ltr'>boni</span> <span class='ocrx_word' id='word_1_86' title='bbox 224 1507 254 1568; x_wconf 88' lang='lat' dir='ltr'>et</span> <span class='ocrx_word' id='word_1_87' title='bbox 276 1504 353 1567; x_wconf 90' lang='lat' dir='ltr'>mali</span> <span class='ocrx_word' id='word_1_88' title='bbox 375 1503 520 1587; x_wconf 90' lang='lat' dir='ltr'>pudenda</span> <span class='ocrx_word' id='word_1_89' title='bbox 542 1507 647 1586; x_wconf 87' lang='lat' dir='ltr'>tegere</span> <span class='ocrx_word' id='word_1_90' title='bbox 671 1507 845 1584; x_wconf 89' lang='lat' dir='ltr'>senserunt,</span> <span class='ocrx_word' id='word_1_91' title='bbox 874 1523 909 1567; x_wconf 83' lang='lat' dir='ltr'>ex</span> <span class='ocrx_word' id='word_1_92' title='bbox 933 1521 993 1586; x_wconf 95' lang='lat' dir='ltr'>quo</span> <span class='ocrx_word' id='word_1_93' title='bbox 1016 1505 1047 1568; x_wconf 96' lang='lat' dir='ltr'>id</span> <span class='ocrx_word' id='word_1_94' title='bbox 1069 1505 1173 1588; x_wconf 89' lang='lat' dir='ltr'>ipsum</span> <span class='ocrx_word' id='word_1_95' title='bbox 1197 1523 1268 1568; x_wconf 86' lang='lat' dir='ltr'>scu·</span> <span class='ocrx_word' id='word_1_96' title='bbox 1295 1528 1319 1565; x_wconf 81' lang='grc' dir='ltr'>ιο</span> 
     </span>
     <span class='ocr_line' id='line_1_12' title="bbox 126 1607 1268 1692; baseline 0.001 -21"><span class='ocrx_word' id='word_1_97' title='bbox 126 1608 235 1689; x_wconf 90' lang='lat' dir='ltr'>timus,</span> <span class='ocrx_word' id='word_1_98' title='bbox 259 1609 452 1692; x_wconf 89' lang='lat' dir='ltr'>agnitionem</span> <span class='ocrx_word' id='word_1_99' title='bbox 473 1607 548 1672; x_wconf 89' lang='lat' dir='ltr'>boni</span> <span class='ocrx_word' id='word_1_100' title='bbox 571 1611 603 1672; x_wconf 92' lang='lat' dir='ltr'>et</span> <span class='ocrx_word' id='word_1_101' title='bbox 618 1609 694 1672; x_wconf 89' lang='lat' dir='ltr'>mali</span> <span class='ocrx_word' id='word_1_102' title='bbox 708 1607 899 1690; x_wconf 89' lang='lat' dir='ltr'>profitemur.</span> <span class='ocrx_word' id='word_1_103' title='bbox 935 1607 974 1672; x_wconf 91' lang='lat' dir='ltr'>ab</span> <span class='ocrx_word' id='word_1_104' title='bbox 990 1608 1039 1672; x_wconf 90' lang='lat' dir='ltr'>his</span> <span class='ocrx_word' id='word_1_105' title='bbox 1056 1612 1161 1673; x_wconf 88' lang='lat' dir='ltr'>autem</span> <span class='ocrx_word' id='word_1_106' title='bbox 1178 1609 1268 1672; x_wconf 89' lang='lat' dir='ltr'>annis</span> 
     </span>
     <span class='ocr_line' id='line_1_13' title="bbox 127 1713 1268 1804; baseline 0 -28"><span class='ocrx_word' id='word_1_107' title='bbox 127 1717 159 1778; x_wconf 87' lang='lat' dir='ltr'>ct</span> <span class='ocrx_word' id='word_1_108' title='bbox 182 1713 327 1778; x_wconf 88' lang='lat' dir='ltr'>suffusior</span> <span class='ocrx_word' id='word_1_109' title='bbox 351 1717 382 1778; x_wconf 93' lang='lat' dir='ltr'>et</span> <span class='ocrx_word' id='word_1_110' title='bbox 404 1714 545 1778; x_wconf 89' lang='lat' dir='ltr'>uestitior</span> <span class='ocrx_word' id='word_1_111' title='bbox 569 1732 660 1778; x_wconf 82' lang='lat' dir='ltr'>sorus</span> <span class='ocrx_word' id='word_1_112' title='bbox 684 1717 741 1794; x_wconf 87' lang='lat' dir='ltr'>est,</span> <span class='ocrx_word' id='word_1_113' title='bbox 773 1716 804 1777; x_wconf 88' lang='lat' dir='ltr'>et</span> <span class='ocrx_word' id='word_1_114' title='bbox 826 1713 1076 1796; x_wconf 89' lang='lat' dir='ltr'>concupiscentia</span> <span class='ocrx_word' id='word_1_115' title='bbox 1098 1714 1196 1777; x_wconf 90' lang='lat' dir='ltr'>oculis</span> <span class='ocrx_word' id='word_1_116' title='bbox 1219 1731 1268 1804; x_wconf 87' lang='lat' dir='ltr'>ar-</span> 
     </span>
     <span class='ocr_line' id='line_1_14' title="bbox 125 1818 1268 1902; baseline -0.002 -21"><span class='ocrx_word' id='word_1_117' title='bbox 125 1818 218 1882; x_wconf 89' lang='lat' dir='ltr'>bitris</span> <span class='ocrx_word' id='word_1_118' title='bbox 239 1819 337 1883; x_wconf 90' lang='lat' dir='ltr'>utitur</span> <span class='ocrx_word' id='word_1_119' title='bbox 357 1822 389 1882; x_wconf 90' lang='lat' dir='ltr'>et</span> <span class='ocrx_word' id='word_1_120' title='bbox 404 1819 615 1883; x_wconf 78' lang='lat' dir='ltr'>communicat</span> <span class='ocrx_word' id='word_1_121' title='bbox 636 1819 789 1901; x_wconf 90' lang='lat' dir='ltr'>placitum</span> <span class='ocrx_word' id='word_1_122' title='bbox 812 1822 843 1883; x_wconf 90' lang='lat' dir='ltr'>et</span> <span class='ocrx_word' id='word_1_123' title='bbox 864 1819 1017 1902; x_wconf 85' lang='lat' dir='ltr'>intellegit</span> <span class='ocrx_word' id='word_1_124' title='bbox 1040 1837 1118 1901; x_wconf 92' lang='lat' dir='ltr'>quae</span> <span class='ocrx_word' id='word_1_125' title='bbox 1141 1819 1205 1882; x_wconf 89' lang='lat' dir='ltr'>sint</span> <span class='ocrx_word' id='word_1_126' title='bbox 1227 1839 1268 1879; x_wconf 69' lang='lat' dir='ltr'>us</span> 
     </span>
    </p>

    <p class='ocr_par' dir='ltr' id='par_1_4' title="bbox 78 1922 1323 2968">
     <span class='ocr_line' id='line_1_15' title="bbox 78 1922 1270 2007; baseline -0.001 -21"><span class='ocrx_word' id='word_1_127' title='bbox 78 1959 79 1963; x_wconf 63' lang='lat'><em>=</em></span> <span class='ocrx_word' id='word_1_128' title='bbox 127 1926 159 1987; x_wconf 90' lang='lat' dir='ltr'>et</span> <span class='ocrx_word' id='word_1_129' title='bbox 188 1922 266 1987; x_wconf 88' lang='lat' dir='ltr'>fines</span> <span class='ocrx_word' id='word_1_130' title='bbox 298 1942 370 1989; x_wconf 90' lang='lat' dir='ltr'>suos</span> <span class='ocrx_word' id='word_1_131' title='bbox 403 1924 441 1987; x_wconf 89' lang='lat' dir='ltr'>ad</span> <span class='ocrx_word' id='word_1_132' title='bbox 468 1924 567 1988; x_wconf 89' lang='lat' dir='ltr'>instar</span> <span class='ocrx_word' id='word_1_133' title='bbox 593 1923 746 1987; x_wconf 86' lang='lat' dir='ltr'>ficulneae</span> <span class='ocrx_word' id='word_1_134' title='bbox 774 1943 793 1984; x_wconf 73' lang='lat' dir='ltr'>u</span> <span class='ocrx_word' id='word_1_135' title='bbox 821 1923 1014 2007; x_wconf 87' lang='lat' dir='ltr'>contagionis</span> <span class='ocrx_word' id='word_1_136' title='bbox 1036 1924 1195 2007; x_wconf 86' lang='lat' dir='ltr'>prurigine</span> <span class='ocrx_word' id='word_1_137' title='bbox 1219 1941 1270 1986; x_wconf 90' lang='lat' dir='ltr'>ac-</span> 
     </span>
     <span class='ocr_line' id='line_1_16' title="bbox 127 2006 1321 2111; baseline -0.001 -19"><span class='ocrx_word' id='word_1_138' title='bbox 127 2029 226 2111; x_wconf 88' lang='lat' dir='ltr'>cingit</span> <span class='ocrx_word' id='word_1_139' title='bbox 249 2031 280 2092; x_wconf 91' lang='lat' dir='ltr'>et</span> <span class='ocrx_word' id='word_1_140' title='bbox 301 2029 464 2093; x_wconf 91' lang='lat' dir='ltr'>hominem</span> <span class='ocrx_word' id='word_1_141' title='bbox 486 2029 525 2092; x_wconf 94' lang='lat' dir='ltr'>de</span> <span class='ocrx_word' id='word_1_142' title='bbox 547 2028 691 2110; x_wconf 83' lang='lat' dir='ltr'>paradiso</span> <span class='ocrx_word' id='word_1_143' title='bbox 714 2028 902 2110; x_wconf 89' lang='lat' dir='ltr'>integritatis</span> <span class='ocrx_word' id='word_1_144' title='bbox 927 2028 1039 2109; x_wconf 81' lang='lat' dir='ltr'>educit,</span> <span class='ocrx_word' id='word_1_145' title='bbox 1070 2006 1178 2091; x_wconf 74' lang='lat' dir='ltr'>exinde</span> <span class='ocrx_word' id='word_1_146' title='bbox 1202 2046 1270 2092; x_wconf 90' lang='lat' dir='ltr'>sca·</span> <span class='ocrx_word' id='word_1_147' title='bbox 1297 2052 1321 2091; x_wconf 84' lang='lat'>15</span> 
     </span>
     <span class='ocr_line' id='line_1_17' title="bbox 126 2128 1270 2214; baseline -0.001 -17"><span class='ocrx_word' id='word_1_148' title='bbox 126 2128 310 2197; x_wconf 76' lang='lat' dir='ltr'>bida⁸etiam</span> <span class='ocrx_word' id='word_1_149' title='bbox 321 2134 354 2197; x_wconf 91' lang='lat' dir='ltr'>in</span> <span class='ocrx_word' id='word_1_150' title='bbox 366 2136 483 2197; x_wconf 89' lang='lat' dir='ltr'>ceteras</span> <span class='ocrx_word' id='word_1_151' title='bbox 496 2134 603 2214; x_wconf 89' lang='lat' dir='ltr'>culpas</span> <span class='ocrx_word' id='word_1_152' title='bbox 616 2136 647 2196; x_wconf 91' lang='lat' dir='ltr'>et</span> <span class='ocrx_word' id='word_1_153' title='bbox 663 2133 864 2214; x_wconf 90' lang='lat' dir='ltr'>delinquendi</span> <span class='ocrx_word' id='word_1_154' title='bbox 879 2150 942 2197; x_wconf 92' lang='lat' dir='ltr'>non</span> <span class='ocrx_word' id='word_1_155' title='bbox 958 2134 1117 2197; x_wconf 83' lang='lat' dir='ltr'>naturales</span> <span class='ocrx_word' id='word_1_156' title='bbox 1130 2153 1182 2214; x_wconf 72' lang='lat' dir='ltr'>su,</span> <span class='ocrx_word' id='word_1_157' title='bbox 1198 2151 1270 2196; x_wconf 92' lang='lat' dir='ltr'>cum</span> 
     </span>
     <span class='ocr_line' id='line_1_18' title="bbox 127 2237 1270 2319; baseline 0 -17"><span class='ocrx_word' id='word_1_158' title='bbox 127 2240 192 2302; x_wconf 91' lang='lat' dir='ltr'>iam</span> <span class='ocrx_word' id='word_1_159' title='bbox 223 2256 284 2302; x_wconf 92' lang='lat' dir='ltr'>nou</span> <span class='ocrx_word' id='word_1_160' title='bbox 315 2258 351 2302; x_wconf 84' lang='lat' dir='ltr'>cr</span> <span class='ocrx_word' id='word_1_161' title='bbox 382 2238 522 2302; x_wconf 88' lang='lat' dir='ltr'>instituto</span> <span class='ocrx_word' id='word_1_162' title='bbox 546 2240 685 2318; x_wconf 88' lang='lat' dir='ltr'>naturae,</span> <span class='ocrx_word' id='word_1_163' title='bbox 717 2238 772 2302; x_wconf 90' lang='lat' dir='ltr'>sed</span> <span class='ocrx_word' id='word_1_164' title='bbox 795 2257 831 2301; x_wconf 82' lang='lat' dir='ltr'>en</span> <span class='ocrx_word' id='word_1_165' title='bbox 853 2237 940 2302; x_wconf 91' lang='lat' dir='ltr'>uitio.</span> <span class='ocrx_word' id='word_1_166' title='bbox 987 2240 1125 2302; x_wconf 90' lang='lat' dir='ltr'>ceterum</span> <span class='ocrx_word' id='word_1_167' title='bbox 1147 2238 1270 2319; x_wconf 89' lang='lat' dir='ltr'>proprie</span> 
     </span>
     <span class='ocr_line' id='line_1_19' title="bbox 127 2342 1270 2424; baseline -0.002 -17"><span class='ocrx_word' id='word_1_168' title='bbox 127 2343 282 2407; x_wconf 90' lang='lat' dir='ltr'>naturalis</span> <span class='ocrx_word' id='word_1_169' title='bbox 317 2343 568 2424; x_wconf 89' lang='lat' dir='ltr'>concupiscentia</span> <span class='ocrx_word' id='word_1_170' title='bbox 601 2343 694 2406; x_wconf 90' lang='lat' dir='ltr'>unica</span> <span class='ocrx_word' id='word_1_171' title='bbox 729 2345 777 2406; x_wconf 86' lang='lat' dir='ltr'>cst</span> <span class='ocrx_word' id='word_1_172' title='bbox 810 2343 1029 2406; x_wconf 89' lang='lat' dir='ltr'>alimentorum</span> <span class='ocrx_word' id='word_1_173' title='bbox 1065 2342 1270 2421; x_wconf 89' lang='lat' dir='ltr'>solummodo,</span> 
     </span>
     <span class='ocr_line' id='line_1_20' title="bbox 128 2447 1270 2532; baseline -0.002 -20"><span class='ocrx_word' id='word_1_174' title='bbox 128 2468 225 2531; x_wconf 93' lang='lat' dir='ltr'>quam</span> <span class='ocrx_word' id='word_1_175' title='bbox 248 2449 324 2512; x_wconf 90' lang='lat' dir='ltr'>deus</span> <span class='ocrx_word' id='word_1_176' title='bbox 353 2450 438 2512; x_wconf 91' lang='lat' dir='ltr'>etin</span> <span class='ocrx_word' id='word_1_177' title='bbox 460 2447 627 2532; x_wconf 91' lang='lat' dir='ltr'>primordio</span> <span class='ocrx_word' id='word_1_178' title='bbox 651 2449 796 2513; x_wconf 91' lang='lat' dir='ltr'>contulit:</span> <span class='ocrx_word' id='word_1_179' title='bbox 825 2468 865 2512; x_wconf 84' lang='lat' dir='ltr'>ex</span> <span class='ocrx_word' id='word_1_180' title='bbox 889 2449 988 2512; x_wconf 93' lang='lat' dir='ltr'>omni</span> <span class='ocrx_word' id='word_1_181' title='bbox 1009 2447 1128 2531; x_wconf 90' lang='lat' dir='ltr'>ligno,</span> <span class='ocrx_word' id='word_1_182' title='bbox 1159 2447 1270 2528; x_wconf 92' lang='lat' dir='ltr'>inquit,</span> 
     </span>
     <span class='ocr_line' id='line_1_21' title="bbox 129 2553 1323 2636; baseline -0.004 -19"><span class='ocrx_word' id='word_1_183' title='bbox 129 2553 265 2634; x_wconf 89' lang='lat' dir='ltr'>edetis,</span> <span class='ocrx_word' id='word_1_184' title='bbox 289 2557 320 2617; x_wconf 92' lang='lat' dir='ltr'>et</span> <span class='ocrx_word' id='word_1_185' title='bbox 343 2554 498 2620; x_wconf 88' lang='lat' dir='ltr'>secundae</span> <span class='ocrx_word' id='word_1_186' title='bbox 520 2556 592 2636; x_wconf 91' lang='lat' dir='ltr'>post</span> <span class='ocrx_word' id='word_1_187' title='bbox 615 2553 769 2616; x_wconf 91' lang='lat' dir='ltr'>diluuium</span> <span class='ocrx_word' id='word_1_188' title='bbox 792 2554 953 2636; x_wconf 88' lang='lat' dir='ltr'>geniturae</span> <span class='ocrx_word' id='word_1_189' title='bbox 970 2570 1192 2636; x_wconf 89' lang='lat' dir='ltr'>supermensus</span> <span class='ocrx_word' id='word_1_190' title='bbox 1209 2553 1270 2615; x_wconf 81' lang='lat' dir='ltr'>e&#39;st:</span> <span class='ocrx_word' id='word_1_191' title='bbox 1297 2575 1323 2612; x_wconf 56' lang='grc' dir='ltr'>ρο</span> 
     </span>
     <span class='ocr_line' id='line_1_22' title="bbox 129 2656 1271 2738; baseline -0.004 -16"><span class='ocrx_word' id='word_1_192' title='bbox 129 2678 215 2722; x_wconf 91' lang='lat' dir='ltr'>ecce</span> <span class='ocrx_word' id='word_1_193' title='bbox 239 2658 323 2722; x_wconf 91' lang='lat' dir='ltr'>dedi</span> <span class='ocrx_word' id='word_1_194' title='bbox 344 2658 453 2722; x_wconf 90' lang='lat' dir='ltr'>uobis</span> <span class='ocrx_word' id='word_1_195' title='bbox 474 2659 597 2722; x_wconf 89' lang='lat' dir='ltr'>omnia</span> <span class='ocrx_word' id='word_1_196' title='bbox 611 2659 648 2721; x_wconf 93' lang='lat' dir='ltr'>in</span> <span class='ocrx_word' id='word_1_197' title='bbox 665 2676 785 2722; x_wconf 89' lang='lat' dir='ltr'>escam</span> <span class='ocrx_word' id='word_1_198' title='bbox 805 2660 995 2738; x_wconf 88' lang='lat' dir='ltr'>tamquam</span> <span class='ocrx_word' id='word_1_199' title='bbox 1010 2657 1139 2720; x_wconf 88' lang='lat' dir='ltr'>holera</span> <span class='ocrx_word' id='word_1_200' title='bbox 1155 2656 1271 2735; x_wconf 86' lang='lat' dir='ltr'>faeni,</span> 
     </span>
     <span class='ocr_line' id='line_1_23' title="bbox 127 2760 1270 2846; baseline -0.003 -20"><span class='ocrx_word' id='word_1_201' title='bbox 127 2766 330 2846; x_wconf 88' lang='lat' dir='ltr'>prospectans</span> <span class='ocrx_word' id='word_1_202' title='bbox 354 2766 505 2827; x_wconf 91' lang='lat' dir='ltr'>nontam</span> <span class='ocrx_word' id='word_1_203' title='bbox 529 2763 651 2827; x_wconf 90' lang='lat' dir='ltr'>animae</span> <span class='ocrx_word' id='word_1_204' title='bbox 674 2780 768 2844; x_wconf 89' lang='lat' dir='ltr'>quam</span> <span class='ocrx_word' id='word_1_205' title='bbox 788 2762 883 2842; x_wconf 89' lang='lat' dir='ltr'>carni,</span> <span class='ocrx_word' id='word_1_206' title='bbox 908 2762 967 2826; x_wconf 87' lang='lat' dir='ltr'>etsi</span> <span class='ocrx_word' id='word_1_207' title='bbox 981 2765 1106 2844; x_wconf 87' lang='lat' dir='ltr'>propter</span> <span class='ocrx_word' id='word_1_208' title='bbox 1123 2760 1270 2824; x_wconf 90' lang='lat' dir='ltr'>animam.</span> 
     </span>
     <span class='ocr_line' id='line_1_24' title="bbox 130 2865 1272 2968; baseline -0.004 -36"><span class='ocrx_word' id='word_1_209' title='bbox 130 2868 298 2932; x_wconf 84' lang='lat' dir='ltr'>auferenda</span> <span class='ocrx_word' id='word_1_210' title='bbox 331 2871 379 2932; x_wconf 90' lang='lat' dir='ltr'>est</span> <span class='ocrx_word' id='word_1_211' title='bbox 410 2868 494 2932; x_wconf 91' lang='lat' dir='ltr'>enim</span> <span class='ocrx_word' id='word_1_212' title='bbox 524 2868 786 2968; x_wconf 70' lang='lat' dir='ltr'>argumentatoris</span> <span class='ocrx_word' id='word_1_213' title='bbox 814 2867 949 2946; x_wconf 86' lang='lat' dir='ltr'>occasio,</span> <span class='ocrx_word' id='word_1_214' title='bbox 984 2867 1037 2948; x_wconf 92' lang='lat' dir='ltr'>qui</span> <span class='ocrx_word' id='word_1_215' title='bbox 1060 2866 1143 2947; x_wconf 94' lang='lat' dir='ltr'>quod</span> <span class='ocrx_word' id='word_1_216' title='bbox 1166 2865 1272 2929; x_wconf 90' lang='lat' dir='ltr'>anima</span> 
     </span>
    </p>

    <p class='ocr_par' dir='ltr' id='par_1_5' title="bbox 103 2971 1356 3476">
     <span class='ocr_line' id='line_1_25' title="bbox 103 2971 1272 3054; baseline -0.003 -17"><span class='ocrx_word' id='word_1_217' title='bbox 103 2974 306 3038; x_wconf 88' lang='lat' dir='ltr'>desiderare</span> <span class='ocrx_word' id='word_1_218' title='bbox 336 2973 479 3037; x_wconf 91' lang='lat' dir='ltr'>uideatur</span> <span class='ocrx_word' id='word_1_219' title='bbox 510 2972 668 3052; x_wconf 89' lang='lat' dir='ltr'>alimenta,</span> <span class='ocrx_word' id='word_1_220' title='bbox 698 2972 771 3036; x_wconf 90' lang='lat' dir='ltr'>hino</span> <span class='ocrx_word' id='word_1_221' title='bbox 799 2989 920 3054; x_wconf 92' lang='lat' dir='ltr'>quoque</span> <span class='ocrx_word' id='word_1_222' title='bbox 944 2971 1110 3035; x_wconf 90' lang='lat' dir='ltr'>mortalem</span> <span class='ocrx_word' id='word_1_223' title='bbox 1134 2989 1202 3035; x_wconf 90' lang='lat' dir='ltr'>eam</span> <span class='ocrx_word' id='word_1_224' title='bbox 1226 2971 1272 3034; x_wconf 89' lang='lat' dir='ltr'>in-</span> 
     </span>
     <span class='ocr_line' id='line_1_26' title="bbox 128 3075 1324 3162; baseline -0.003 -20"><span class='ocrx_word' id='word_1_225' title='bbox 128 3079 237 3161; x_wconf 90' lang='lat' dir='ltr'>tellegi</span> <span class='ocrx_word' id='word_1_226' title='bbox 270 3079 369 3162; x_wconf 91' lang='lat' dir='ltr'>cupit,</span> <span class='ocrx_word' id='word_1_227' title='bbox 405 3096 483 3160; x_wconf 88' lang='lat' dir='ltr'>quae</span> <span class='ocrx_word' id='word_1_228' title='bbox 518 3077 594 3142; x_wconf 91' lang='lat' dir='ltr'>cibis</span> <span class='ocrx_word' id='word_1_229' title='bbox 629 3078 834 3157; x_wconf 88' lang='lat' dir='ltr'>sustineatur,</span> <span class='ocrx_word' id='word_1_230' title='bbox 872 3076 1005 3158; x_wconf 91' lang='lat' dir='ltr'>denique</span> <span class='ocrx_word' id='word_1_231' title='bbox 1040 3076 1194 3159; x_wconf 90' lang='lat' dir='ltr'>derogatis</span> <span class='ocrx_word' id='word_1_232' title='bbox 1228 3075 1271 3138; x_wconf 91' lang='lat' dir='ltr'>eis</span> <span class='ocrx_word' id='word_1_233' title='bbox 1299 3098 1324 3138; x_wconf 78' lang='lat'>25</span> 
     </span>
     <span class='ocr_line' id='line_1_27' title="bbox 130 3179 1356 3267; baseline -0.004 -20"><span class='ocrx_word' id='word_1_234' title='bbox 130 3184 303 3267; x_wconf 90' lang='lat' dir='ltr'>euigescat,</span> <span class='ocrx_word' id='word_1_235' title='bbox 338 3187 495 3266; x_wconf 92' lang='lat' dir='ltr'>postremo</span> <span class='ocrx_word' id='word_1_236' title='bbox 527 3183 693 3248; x_wconf 87' lang='lat' dir='ltr'>subtractis</span> <span class='ocrx_word' id='word_1_237' title='bbox 724 3181 898 3246; x_wconf 91' lang='lat' dir='ltr'>intercidat.</span> <span class='ocrx_word' id='word_1_238' title='bbox 955 3198 1046 3263; x_wconf 91' lang='lat' dir='ltr'>porro</span> <span class='ocrx_word' id='word_1_239' title='bbox 1077 3198 1139 3243; x_wconf 91' lang='lat' dir='ltr'>non</span> <span class='ocrx_word' id='word_1_240' title='bbox 1171 3179 1272 3243; x_wconf 90' lang='lat' dir='ltr'>solum</span> <span class='ocrx_word' id='word_1_241' title='bbox 1354 3211 1356 3215; x_wconf 95' lang='lat'>·</span> 
     </span>
     <span class='ocr_line' id='line_1_28' title="bbox 128 3285 1273 3372; baseline -0.006 -19"><span class='ocrx_word' id='word_1_242' title='bbox 128 3289 367 3372; x_wconf 91' lang='lat' dir='ltr'>proponendum</span> <span class='ocrx_word' id='word_1_243' title='bbox 383 3292 441 3369; x_wconf 91' lang='lat' dir='ltr'>est,</span> <span class='ocrx_word' id='word_1_244' title='bbox 457 3289 604 3370; x_wconf 90' lang='lat' dir='ltr'>quisnam</span> <span class='ocrx_word' id='word_1_245' title='bbox 620 3307 657 3352; x_wconf 89' lang='lat' dir='ltr'>ca</span> <span class='ocrx_word' id='word_1_246' title='bbox 673 3289 835 3367; x_wconf 88' lang='lat' dir='ltr'>desideret,</span> <span class='ocrx_word' id='word_1_247' title='bbox 852 3286 907 3350; x_wconf 90' lang='lat' dir='ltr'>sed</span> <span class='ocrx_word' id='word_1_248' title='bbox 922 3289 954 3350; x_wconf 91' lang='lat' dir='ltr'>et</span> <span class='ocrx_word' id='word_1_249' title='bbox 969 3286 1034 3360; x_wconf 87' lang='lat' dir='ltr'>cui;</span> <span class='ocrx_word' id='word_1_250' title='bbox 1058 3288 1090 3348; x_wconf 92' lang='lat' dir='ltr'>et</span> <span class='ocrx_word' id='word_1_251' title='bbox 1105 3285 1133 3348; x_wconf 92' lang='lat' dir='ltr'>si</span> <span class='ocrx_word' id='word_1_252' title='bbox 1147 3287 1273 3368; x_wconf 88' lang='lat' dir='ltr'>propter</span> 
     </span>
     <span class='ocr_line' id='line_1_29' title="bbox 131 3388 1273 3476; baseline -0.007 -17"><span class='ocrx_word' id='word_1_253' title='bbox 131 3413 175 3475; x_wconf 90' lang='lat' dir='ltr'>se,</span> <span class='ocrx_word' id='word_1_254' title='bbox 207 3395 261 3458; x_wconf 92' lang='lat' dir='ltr'>sed</span> <span class='ocrx_word' id='word_1_255' title='bbox 293 3397 324 3457; x_wconf 92' lang='lat' dir='ltr'>et</span> <span class='ocrx_word' id='word_1_256' title='bbox 354 3412 408 3458; x_wconf 91' lang='lat' dir='ltr'>cur</span> <span class='ocrx_word' id='word_1_257' title='bbox 436 3397 467 3457; x_wconf 90' lang='lat' dir='ltr'>et</span> <span class='ocrx_word' id='word_1_258' title='bbox 490 3394 613 3476; x_wconf 91' lang='lat' dir='ltr'>quando</span> <span class='ocrx_word' id='word_1_259' title='bbox 637 3396 668 3457; x_wconf 94' lang='lat' dir='ltr'>et</span> <span class='ocrx_word' id='word_1_260' title='bbox 691 3410 826 3474; x_wconf 92' lang='lat' dir='ltr'>quonam</span> <span class='ocrx_word' id='word_1_261' title='bbox 848 3409 961 3472; x_wconf 87' lang='lat' dir='ltr'>usque;</span> <span class='ocrx_word' id='word_1_262' title='bbox 993 3392 1062 3453; x_wconf 88' lang='lat' dir='ltr'>tum</span> <span class='ocrx_word' id='word_1_263' title='bbox 1085 3389 1167 3470; x_wconf 93' lang='lat' dir='ltr'>quod</span> <span class='ocrx_word' id='word_1_264' title='bbox 1190 3388 1273 3452; x_wconf 92' lang='lat' dir='ltr'>aliud</span> 
     </span>
    </p>
   </div>
   <div class='ocr_carea' id='block_1_3' title="bbox 237 3574 717 3646">
    <p class='ocr_par' dir='ltr' id='par_1_6' title="bbox 237 3574 717 3646">
     <span class='ocr_line' id='line_1_30' title="bbox 237 3574 717 3646; baseline -0.008 -14"><span class='ocrx_word' id='word_1_265' title='bbox 237 3577 281 3646; x_wconf 87' lang='lat'>19]</span> <span class='ocrx_word' id='word_1_266' title='bbox 301 3575 366 3632; x_wconf 85' lang='lat' dir='ltr'>Gen.</span> <span class='ocrx_word' id='word_1_267' title='bbox 380 3578 404 3637; x_wconf 84' lang='grc'>2,</span> <span class='ocrx_word' id='word_1_268' title='bbox 419 3577 459 3631; x_wconf 86' lang='grc'>16.</span> <span class='ocrx_word' id='word_1_269' title='bbox 513 3575 559 3644; x_wconf 89' lang='grc'>21]</span> <span class='ocrx_word' id='word_1_270' title='bbox 578 3574 642 3629; x_wconf 89' lang='lat' dir='ltr'>ibid.</span> <span class='ocrx_word' id='word_1_271' title='bbox 656 3578 680 3639; x_wconf 88' lang='lat'>9,</span> <span class='ocrx_word' id='word_1_272' title='bbox 694 3576 717 3630; x_wconf 86' lang='lat'>3.</span> 
     </span>
    </p>
   </div>
   <div class='ocr_carea' id='block_1_4' title="bbox 131 3735 1299 4424">
    <p class='ocr_par' dir='ltr' id='par_1_7' title="bbox 131 3735 1299 4424">
     <span class='ocr_line' id='line_1_31' title="bbox 177 3735 1273 3814; baseline -0.007 -16"><span class='ocrx_word' id='word_1_273' title='bbox 177 3743 283 3814; x_wconf 77' lang='lat' dir='ltr'>luariq</span> <span class='ocrx_word' id='word_1_274' title='bbox 296 3744 324 3797; x_wconf 88' lang='lat' dir='ltr'><strong><em>A</em></strong></span> <span class='ocrx_word' id='word_1_275' title='bbox 377 3742 523 3812; x_wconf 78' lang='lat' dir='ltr'>accidentiq</span> <span class='ocrx_word' id='word_1_276' title='bbox 542 3742 648 3798; x_wconf 74' lang='lat' dir='ltr'>Acocr.</span> <span class='ocrx_word' id='word_1_277' title='bbox 703 3739 784 3807; x_wconf 80' lang='lat' dir='ltr'>8q1i1</span> <span class='ocrx_word' id='word_1_278' title='bbox 801 3739 837 3808; x_wconf 91' lang='lat' dir='ltr'>A,</span> <span class='ocrx_word' id='word_1_279' title='bbox 856 3738 927 3807; x_wconf 93' lang='lat' dir='ltr'>quod</span> <span class='ocrx_word' id='word_1_280' title='bbox 940 3739 967 3792; x_wconf 93' lang='lat' dir='ltr'><em>B</em></span> <span class='ocrx_word' id='word_1_281' title='bbox 1019 3735 1232 3804; x_wconf 66' lang='lat' dir='ltr'>deprimordio</span> <span class='ocrx_word' id='word_1_282' title='bbox 1245 3736 1273 3790; x_wconf 89' lang='lat' dir='ltr'><strong><em>A</em></strong></span> 
     </span>
     <span class='ocr_line' id='line_1_32' title="bbox 131 3824 1273 3900; baseline -0.009 -15"><span class='ocrx_word' id='word_1_283' title='bbox 131 3848 201 3885; x_wconf 88' lang='lat' dir='ltr'>euua</span> <span class='ocrx_word' id='word_1_284' title='bbox 218 3831 246 3885; x_wconf 87' lang='lat' dir='ltr'><strong><em>A</em></strong></span> <span class='ocrx_word' id='word_1_285' title='bbox 300 3834 332 3887; x_wconf 89' lang='grc'>10</span> <span class='ocrx_word' id='word_1_286' title='bbox 351 3847 381 3884; x_wconf 85' lang='lat' dir='ltr'>ex</span> <span class='ocrx_word' id='word_1_287' title='bbox 398 3847 450 3900; x_wconf 93' lang='lat' dir='ltr'>quo</span> <span class='ocrx_word' id='word_1_288' title='bbox 468 3831 496 3884; x_wconf 94' lang='lat' dir='ltr'>id</span> <span class='ocrx_word' id='word_1_289' title='bbox 509 3831 545 3899; x_wconf 83' lang='lat' dir='ltr'>B,</span> <span class='ocrx_word' id='word_1_290' title='bbox 562 3832 589 3883; x_wconf 91' lang='lat' dir='ltr'>et</span> <span class='ocrx_word' id='word_1_291' title='bbox 607 3828 694 3897; x_wconf 89' lang='lat' dir='ltr'>quoad</span> <span class='ocrx_word' id='word_1_292' title='bbox 710 3828 737 3882; x_wconf 92' lang='lat' dir='ltr'><strong><em>A</em></strong></span> <span class='ocrx_word' id='word_1_293' title='bbox 791 3830 824 3882; x_wconf 88' lang='lat'>13</span> <span class='ocrx_word' id='word_1_294' title='bbox 843 3828 970 3882; x_wconf 77' lang='lat' dir='ltr'>lacunam</span> <span class='ocrx_word' id='word_1_295' title='bbox 987 3825 1157 3895; x_wconf 64' lang='lat' dir='ltr'>sipailtcoci:</span> <span class='ocrx_word' id='word_1_296' title='bbox 1174 3824 1273 3876; x_wconf 88' lang='lat' dir='ltr'>instru-</span> 
     </span>
     <span class='ocr_line' id='line_1_33' title="bbox 131 3913 1299 3988; baseline -0.007 -15"><span class='ocrx_word' id='word_1_297' title='bbox 131 3922 224 3973; x_wconf 88' lang='lat' dir='ltr'>menta</span> <span class='ocrx_word' id='word_1_298' title='bbox 235 3921 279 3975; x_wconf 81' lang='lat' dir='ltr'>ioci</span> <span class='ocrx_word' id='word_1_299' title='bbox 290 3920 379 3975; x_wconf 83' lang='lat' dir='ltr'>simile</span> <span class='ocrx_word' id='word_1_300' title='bbox 401 3919 468 3988; x_wconf 80' lang='lat' dir='ltr'>quid</span> <span class='ocrx_word' id='word_1_301' title='bbox 485 3917 623 3973; x_wconf 76' lang='lat' dir='ltr'>intercidit</span> <span class='ocrx_word' id='word_1_302' title='bbox 677 3916 709 3970; x_wconf 85' lang='grc'>14</span> <span class='ocrx_word' id='word_1_303' title='bbox 726 3914 805 3984; x_wconf 86' lang='lat' dir='ltr'>fines]</span> <span class='ocrx_word' id='word_1_304' title='bbox 824 3914 898 3967; x_wconf 88' lang='lat' dir='ltr'>sinus</span> <span class='ocrx_word' id='word_1_305' title='bbox 916 3914 1061 3968; x_wconf 78' lang='lat' dir='ltr'>Hortelius</span> <span class='ocrx_word' id='word_1_306' title='bbox 1078 3913 1156 3967; x_wconf 78' lang='lat' dir='ltr'>notio</span> <span class='ocrx_word' id='word_1_307' title='bbox 1174 3913 1274 3966; x_wconf 77' lang='lat' dir='ltr'>lacuna</span> <span class='ocrx_word' id='word_1_308' title='bbox 1297 3971 1299 3975; x_wconf 19' lang='grc' dir='ltr'>ι</span> 
     </span>
     <span class='ocr_line' id='line_1_34' title="bbox 132 3997 1273 4076; baseline -0.011 -14"><span class='ocrx_word' id='word_1_309' title='bbox 132 4013 243 4076; x_wconf 85' lang='lat' dir='ltr'>accepto</span> <span class='ocrx_word' id='word_1_310' title='bbox 299 4008 428 4062; x_wconf 75' lang='lat' dir='ltr'>insumam</span> <span class='ocrx_word' id='word_1_311' title='bbox 444 4005 568 4075; x_wconf 78' lang='lat' dir='ltr'>sipnooi:</span> <span class='ocrx_word' id='word_1_312' title='bbox 586 4018 666 4056; x_wconf 85' lang='lat' dir='ltr'>zonae</span> <span class='ocrx_word' id='word_1_313' title='bbox 683 4003 727 4057; x_wconf 81' lang='lat' dir='ltr'>oet</span> <span class='ocrx_word' id='word_1_314' title='bbox 744 4003 832 4057; x_wconf 80' lang='lat' dir='ltr'>simile</span> <span class='ocrx_word' id='word_1_315' title='bbox 850 4001 917 4070; x_wconf 80' lang='lat' dir='ltr'>quid</span> <span class='ocrx_word' id='word_1_316' title='bbox 934 4000 1074 4056; x_wconf 78' lang='lat' dir='ltr'>intercidit</span> <span class='ocrx_word' id='word_1_317' title='bbox 1136 3997 1273 4067; x_wconf 88' lang='lat' dir='ltr'>prurigine</span> 
     </span>
     <span class='ocr_line' id='line_1_35' title="bbox 132 4086 1274 4164; baseline -0.007 -15"><span class='ocrx_word' id='word_1_318' title='bbox 132 4096 213 4164; x_wconf 79' lang='lat' dir='ltr'>Boip,</span> <span class='ocrx_word' id='word_1_319' title='bbox 232 4093 355 4163; x_wconf 89' lang='lat' dir='ltr'>puriginc</span> <span class='ocrx_word' id='word_1_320' title='bbox 367 4094 421 4146; x_wconf 91' lang='lat' dir='ltr'>AB</span> <span class='ocrx_word' id='word_1_321' title='bbox 477 4095 509 4147; x_wconf 87' lang='lat'>16</span> <span class='ocrx_word' id='word_1_322' title='bbox 527 4089 723 4144; x_wconf 87' lang='lat' dir='ltr'>et-naturalcs</span> <span class='ocrx_word' id='word_1_323' title='bbox 741 4108 792 4145; x_wconf 78' lang='lat' dir='ltr'>coc</span> <span class='ocrx_word' id='word_1_324' title='bbox 805 4090 860 4160; x_wconf 79' lang='lat' dir='ltr'>Rip</span> <span class='ocrx_word' id='word_1_325' title='bbox 914 4086 1078 4156; x_wconf 91' lang='lat' dir='ltr'>delinquenti</span> <span class='ocrx_word' id='word_1_326' title='bbox 1091 4089 1148 4140; x_wconf 81' lang='lat' dir='ltr'>Iun</span> <span class='ocrx_word' id='word_1_327' title='bbox 1199 4087 1274 4141; x_wconf 79' lang='lat' dir='ltr'>iacu-</span> 
     </span>
     <span class='ocr_line' id='line_1_36' title="bbox 132 4174 1274 4250; baseline -0.008 -14"><span class='ocrx_word' id='word_1_328' title='bbox 132 4199 198 4236; x_wconf 81' lang='lat' dir='ltr'>ncm</span> <span class='ocrx_word' id='word_1_329' title='bbox 216 4182 385 4250; x_wconf 73' lang='lat' dir='ltr'>sipnificcoi:</span> <span class='ocrx_word' id='word_1_330' title='bbox 407 4179 522 4232; x_wconf 85' lang='lat' dir='ltr'>rationes</span> <span class='ocrx_word' id='word_1_331' title='bbox 546 4181 589 4233; x_wconf 83' lang='lat' dir='ltr'>uel</span> <span class='ocrx_word' id='word_1_332' title='bbox 608 4178 665 4230; x_wconf 89' lang='lat' dir='ltr'>uias</span> <span class='ocrx_word' id='word_1_333' title='bbox 682 4179 726 4232; x_wconf 81' lang='lat' dir='ltr'>ccl</span> <span class='ocrx_word' id='word_1_334' title='bbox 745 4176 837 4229; x_wconf 88' lang='lat' dir='ltr'>modos</span> <span class='ocrx_word' id='word_1_335' title='bbox 855 4176 996 4231; x_wconf 76' lang='lat' dir='ltr'>colaticid</span> <span class='ocrx_word' id='word_1_336' title='bbox 1013 4174 1145 4230; x_wconf 80' lang='lat' dir='ltr'>eiusmodi</span> <span class='ocrx_word' id='word_1_337' title='bbox 1162 4175 1274 4228; x_wconf 80' lang='lat' dir='ltr'>uerbum</span> 
     </span>
     <span class='ocr_line' id='line_1_37' title="bbox 134 4262 1274 4334; baseline -0.01 -11"><span class='ocrx_word' id='word_1_338' title='bbox 134 4269 304 4323; x_wconf 77' lang='lat' dir='ltr'>desideratur</span> <span class='ocrx_word' id='word_1_339' title='bbox 357 4270 388 4322; x_wconf 80' lang='lat'>17</span> <span class='ocrx_word' id='word_1_340' title='bbox 412 4266 546 4319; x_wconf 87' lang='lat' dir='ltr'>institutio</span> <span class='ocrx_word' id='word_1_341' title='bbox 571 4266 598 4319; x_wconf 96' lang='lat' dir='ltr'><strong><em>A</em></strong></span> <span class='ocrx_word' id='word_1_342' title='bbox 651 4266 682 4319; x_wconf 93' lang='grc'>21</span> <span class='ocrx_word' id='word_1_343' title='bbox 706 4263 779 4334; x_wconf 75' lang='lat' dir='ltr'>olera</span> <span class='ocrx_word' id='word_1_344' title='bbox 796 4264 823 4317; x_wconf 96' lang='lat' dir='ltr'><strong><em>A</em></strong></span> <span class='ocrx_word' id='word_1_345' title='bbox 880 4265 914 4318; x_wconf 93' lang='grc'>22</span> <span class='ocrx_word' id='word_1_346' title='bbox 935 4269 1105 4331; x_wconf 86' lang='lat' dir='ltr'>prospectans</span> <span class='ocrx_word' id='word_1_347' title='bbox 1128 4262 1193 4316; x_wconf 88' lang='lat' dir='ltr'>Urs:</span> <span class='ocrx_word' id='word_1_348' title='bbox 1214 4275 1274 4329; x_wconf 71' lang='lat' dir='ltr'>pro</span> 
     </span>
     <span class='ocr_line' id='line_1_38' title="bbox 134 4347 1207 4424; baseline -0.006 -16"><span class='ocrx_word' id='word_1_349' title='bbox 134 4359 253 4424; x_wconf 81' lang='lat' dir='ltr'>spectem</span> <span class='ocrx_word' id='word_1_350' title='bbox 271 4356 335 4424; x_wconf 90' lang='lat' dir='ltr'>AB,</span> <span class='ocrx_word' id='word_1_351' title='bbox 357 4355 528 4422; x_wconf 89' lang='lat' dir='ltr'>prospectum</span> <span class='ocrx_word' id='word_1_352' title='bbox 549 4354 598 4408; x_wconf 82' lang='lat' dir='ltr'>Get</span> <span class='ocrx_word' id='word_1_353' title='bbox 660 4354 693 4406; x_wconf 84' lang='lat'>23</span> <span class='ocrx_word' id='word_1_354' title='bbox 713 4352 937 4418; x_wconf 82' lang='lat' dir='ltr'>argumentatoris</span> <span class='ocrx_word' id='word_1_355' title='bbox 955 4350 983 4404; x_wconf 89' lang='lat' dir='ltr'><strong><em>A</em></strong></span> <span class='ocrx_word' id='word_1_356' title='bbox 1035 4352 1069 4404; x_wconf 84' lang='lat'>25</span> <span class='ocrx_word' id='word_1_357' title='bbox 1089 4347 1162 4417; x_wconf 85' lang='lat' dir='ltr'>cytis</span> <span class='ocrx_word' id='word_1_358' title='bbox 1180 4350 1207 4402; x_wconf 92' lang='lat' dir='ltr'><strong><em>A</em></strong></span> 
     </span>
    </p>
   </div>
   <div class='ocr_carea' id='block_1_5' title="bbox 0 0 1428 4914">
    <p class='ocr_par' dir='ltr' id='par_1_8' title="bbox 0 0 1428 4914">
     <span class='ocr_line' id='line_1_39' title="bbox 0 0 1428 4914; baseline 0 0"><span class='ocrx_word' id='word_1_359' title='bbox 0 0 1428 4914; x_wconf 95' lang='lat' dir='ltr'> </span> 
     </span>
    </p>
   </div>
  </div>
 </body>
</html>
