2820 4914
401 405 453 459 ΠΙ,
476 405 524 459 Ad
543 404 692 458 nationes
711 403 765 458 lib.
784 404 813 456 Π
833 406 872 458 17.
1022 412 1029 424 ”
1145 402 1205 466 131

25 582 119 657 Let
130 599 193 644 aera
208 581 397 663 Corybantia
417 583 447 644 et
462 580 592 643 nutricis
609 598 682 643 suae
699 579 763 642 illic
778 575 1054 663 iucunjldissimum
1070 579 1204 641 odorem.
1261 602 1275 617 ⁸

38 696 168 748 nonne
191 677 286 770 o'mnpi
308 685 457 767 Capitolio
480 686 638 748 tumulum
669 684 759 748 illum
790 703 891 768 suujm
921 683 1178 768 praeposuisset„
1202 678 1205 764 1

54 790 115 850 ut
134 790 180 853 illa
201 791 304 873 potius
328 793 411 853 terra
433 793 579 872 regnaret
599 807 689 873 Lquae
711 789 795 852 Iouis
824 789 942 851 cineres
969 788 1066 851 texit?
1094 787 1207 849 uellet

40 887 147 956 ¹Iuno
172 895 324 958 Punicam
354 894 475 978 urbemJ
499 894 503 973 l
527 893 707 976 posthabita
734 891 827 956 Samo
861 893 1007 956 dilectam
1037 894 1069 955 et
1099 892 1207 972 utique

10 1032 12 1037 ·
81 993 285 1062 Aeneadarum
307 998 433 1082 ignibus
457 999 592 1062 adoleri?
637 998 728 1083 Lquod
751 995 881 1082 sciamjl
1245 1019 1257 1056 5

635 1154 687 1217 hic
710 1154 792 1218 illius
817 1172 913 1234 arma,

168 1260 228 1322 Hic
251 1278 359 1359 currus
382 1259 451 1339 fuit,
473 1259 532 1323 hoc
554 1278 687 1342 regnum
711 1259 768 1321 dea
791 1259 936 1341 gentibus
960 1277 1038 1338 esse,

170 1363 200 1429 Si
223 1382 294 1450 qua
315 1365 390 1449 fataj
410 1361 413 1447 l
434 1364 548 1444 sinant,
571 1365 634 1427 iam
657 1367 731 1427 tuno
753 1364 913 1445 tenditque
936 1364 1092 1445 sonetque.
1189 1364 1190 1367 ’

10 1538 26 1582 a.
86 1517 180 1584 misera
202 1522 352 1584 aduersus
375 1521 441 1584 fota
459 1540 532 1605 Luon
554 1521 677 1605 ualuit!
699 1529 702 1593 l
723 1539 780 1583 nec
802 1524 909 1584 tamen
933 1524 1056 1584 tantum
1079 1520 1203 1584 honoris

27 1623 28 1627 ’
84 1615 196 1688 Romani
226 1626 298 1689 fatis
325 1625 544 1705 decreuerunt,
576 1628 611 1688 ut
641 1625 835 1709 dedentibus
864 1624 1103 1710 Carthalginem
1134 1624 1202 1704 sibi,
1232 1648 1256 1685 ιο

16 1745 22 1786 ;
83 1732 215 1798 quantum
232 1730 429 1793 larentinae.
475 1730 530 1792 sed
546 1730 595 1792 dei
610 1728 662 1792 isti
681 1730 861 1793 conferendi
879 1731 967 1812 regni
987 1730 1019 1792 in
1039 1732 1204 1814 potestate

32 1908 36 1917 Ι
82 1839 132 1894 non
153 1837 232 1898 sunt.
278 1835 305 1897 si
326 1831 487 1919 regnajluit
511 1834 593 1896 enim
613 1833 754 1915 Iuppiter
777 1833 886 1897 Cretae
911 1837 941 1897 et
964 1832 1117 1897 Saturnus
1139 1834 1204 1896 Ita-

80 1924 128 1997 liae
149 1942 177 2001 et
198 1938 259 2002 Isis
282 1937 447 2022 Aegypto,
475 1941 507 2001 et
532 1938 685 2022 hominesj
705 1935 709 2020 l
728 1942 949 2020 regnauerunt‚
973 1938 1084 2019 quibus
1109 1938 1203 2000 etiam

80 2042 180 2113 ooueu
207 2043 345 2124 plerique
373 2043 546 2106 traduntur.
593 2042 637 2105 ita
664 2043 725 2126 qui
754 2043 858 2122 seruit,
888 2046 917 2105 et
946 2043 1094 2127 dojmmos
1117 2042 1202 2121 facit,

80 2140 276 2209 strennuus
299 2145 428 2210 Admeti
451 2147 534 2209 ciues
558 2146 715 2210 Romanos
740 2147 870 2227 imperio
892 2149 1006 2230 lauget,
1030 2146 1104 2209 dum
1127 2145 1204 2208 libe·
1232 2170 1256 2209 15

10 2302 14 2311 .
79 2245 178 2333 follem
213 2251 366 2315 cultorem
401 2270 494 2315 suum
526 2250 675 2316 Croesum
710 2251 864 2334 ambiguis
900 2251 1033 2315 sortibus
1068 2251 1203 2314 fallendo

168 2483 197 2553 6]
216 2482 295 2553 Verg.
309 2483 375 2538 Aen.
390 2483 405 2538 I
422 2485 456 2540 20
469 2500 524 2552 sqq.

107 2704 120 2756 1
141 2704 169 2754 et
185 2716 246 2754 aera
258 2699 420 2770 Corybantia
436 2704 463 2754 et
482 2701 594 2754 nutricis
612 2717 673 2755 suae
691 2701 746 2754 illic
763 2701 987 2755 iucundissimum
1002 2703 1086 2758 Goth:
1109 2705 1206 2758 111112

63 2787 205 2841 dissimum
230 2789 322 2856 cetu,
349 2790 399 2844 loc.
420 2793 456 2842 36
474 2788 615 2841 dissimum
633 2789 718 2843 Hira*
789 2791 898 2844 domni
916 2789 1047 2858 Capitolio
1069 2790 1204 2842 tumulum

60 2874 141 2927 illum
159 2891 238 2928 suum
255 2875 449 2944 praeposuisset
465 2876 604 2930 Oeblerus:
623 2876 695 2929 omni
711 2875 842 2943 Capitolio
860 2879 908 2932 loc.
922 2882 956 2930 11
972 2877 1064 2945 uoto,
1083 2877 1156 2929 omni
1175 2893 1205 2930 ca

60 2964 111 3017 luo
124 2965 161 3015 15
178 2961 256 3029 Bar,
275 2962 349 3015 omni
367 2961 498 3031 Capitolio
518 2965 567 3018 lac.
579 2967 616 3019 28
627 2963 722 3032 Halo,
739 2965 812 3016 omni
830 2963 960 3031 Capitolio
977 2963 1111 3017 tumulum
1129 2979 1204 3032 prae-

58 3048 194 3118 posuisset
213 3048 285 3104 Geta
355 3051 371 3103 3
390 3064 456 3116 quae
467 3049 541 3103 Iouis
559 3050 658 3103 cineres
677 3049 760 3103 texit?
779 3050 860 3103 uellet
878 3050 944 3103 Iuno
961 3050 1091 3103 Punicam
1109 3049 1204 3104 urbem

64 3136 209 3191 Oeblerus:
239 3137 287 3191 loo.
313 3141 346 3189 11
376 3136 469 3206 Germ,
501 3135 562 3192 ‘Ma
590 3138 680 3192 adbuc
711 3139 883 3207 aliquomodo
916 3139 1019 3193 exbibet
1048 3140 1101 3192 ista
1127 3139 1203 3206 tegit.

59 3221 153 3276 uellet'
171 3223 243 3277 idem
263 3224 294 3276 ia
316 3224 423 3293 ematis,
445 3225 495 3279 loc.
517 3229 552 3278 36
574 3225 668 3293 Halo,
692 3240 758 3292 quae
784 3224 856 3278 Iouis
885 3224 983 3278 cineres
1010 3224 1095 3293 tegit?
1123 3225 1204 3279 uellet

58 3309 130 3363 Iuno
153 3308 247 3362 urbem
272 3310 345 3366 Gora
414 3314 429 3365 5
451 3310 550 3364 adoleri
575 3311 661 3367 Gora:
683 3311 786 3364 adolere
809 3314 836 3366 A
924 3311 993 3379 quod
1016 3313 1096 3365 sciam
1118 3313 1203 3368 Gora:

59 3438 172 3451 ......
193 3396 278 3452 Coto*
348 3399 439 3467 doqq.
463 3415 557 3453 uersas
580 3399 611 3452 ia
629 3399 656 3451 A
679 3415 734 3454 aon
756 3405 819 3454 aaut
842 3399 963 3454 distincti
1033 3402 1049 3454 8
1072 3414 1124 3466 qua
1145 3398 1202 3452 fata

61 3483 180 3551 Gotb:q
192 3525 278 3538 .....
291 3484 377 3539 Hild*
424 3487 509 3539 bnon
521 3485 609 3537 ualuit
622 3485 708 3541 Goth:
727 3527 852 3539 .......
870 3485 1045 3554 Bal*,He'ld*
1094 3488 1126 3540 lo
1138 3485 1201 3539 fatis

60 3571 239 3625 decreuerunt
263 3571 402 3626 oehlerus:
431 3572 496 3625 satis
523 3572 689 3625 decreuerint
712 3574 739 3626 A
828 3571 985 3625 dedentibus
1012 3571 1201 3640 Carthaginem

62 3659 151 3713 Goth.-
170 3655 236 3710 dede
251 3657 533 3727 bac.70a1thaginem
549 3658 643 3726 Goth&
662 3657 748 3711 deden
761 3660 809 3714 loc.
823 3663 857 3712 10
870 3659 975 3727 aginem
987 3658 1056 3714 Bal*
1110 3662 1140 3715 11
1155 3659 1201 3712 sed

64 3744 206 3800 Oeblcms:
224 3744 246 3797 si
263 3745 292 3798 A
353 3745 376 3798 si
395 3744 437 3798 dei
455 3744 608 3799 conferendi
626 3746 701 3813 regni
719 3748 879 3814 potestatem
896 3747 990 3800 tenent
1005 3748 1067 3813 fort.
1126 3747 1201 3814 regni

60 3832 127 3886 add.
144 3830 270 3887 Oebleras
332 3834 463 3901 potestate
481 3848 533 3886 non
553 3835 623 3886 sunt.
643 3833 665 3886 si
683 3833 806 3900 regnauit
827 3833 964 3888 oehlerus:
982 3836 1044 3900 pote
1062 3836 1142 3888 loc7
1160 3835 1201 3887 uit

63 3918 159 3986 Goth&
177 3920 265 3988 potest
282 3921 360 3976 lae&
377 3920 418 3973 uit
435 3920 529 3989 Hild*,
547 3922 685 3989 potestate.
717 3921 839 3988 regnauit
859 3921 930 3976 Gotb
984 3923 1016 3976 13
1034 3921 1155 3989 Aegypto
1174 3923 1201 3973 et

59 4005 184 4059 homines
215 4007 353 4062 Celaletae:
379 4006 501 4076 Aegypto
523 4010 572 4062 lac.
594 4013 612 4061 8
635 4007 726 4071 coru,
752 4023 835 4075 aegyp
863 4009 911 4063 lac.
934 4008 1063 4075 1011111,
1087 4010 1199 4076 aegypto

60 4096 112 4149 lae.
126 4097 148 4146 7·
161 4094 254 4162 Halo,
272 4094 401 4163 Aegypto.
427 4109 480 4147 non
505 4094 593 4147 minus
617 4096 688 4150 Gotb
754 4097 786 4149 14
804 4095 841 4147 ita
859 4095 905 4161 qui
924 4095 1013 4159 seruit,
1033 4098 1059 4148 et
1078 4095 1198 4147 dominos

64 4181 206 4235 Oeblems:
223 4180 311 4248 itaque
330 4182 379 4236 loc.
392 4185 411 4234 8
422 4181 508 4234 minos
523 4181 615 4248 Gotb*,
633 4182 642 4233 i
657 4181 742 4248 aquis
755 4181 819 4234 alios
833 4181 954 4234 dominos
970 4183 1041 4237 Gotle
1099 4185 1130 4237 15
1148 4182 1198 4233 im-

58 4267 133 4337 perio
153 4270 240 4336 auget,
259 4267 324 4320 dnm
342 4267 478 4321 liberalem
495 4268 633 4323 Oebleoaas:
650 4269 736 4337 imper
753 4271 802 4323 lac.
820 4273 855 4322 10
872 4268 925 4321 lem
945 4268 1039 4335 uoto,
1057 4268 1198 4336 imperium

59 4357 111 4410 lac.
124 4359 159 4408 11
177 4352 230 4407 lem
248 4355 343 4424 Hasd,
360 4355 490 4424 imperare
509 4355 601 4409 uoluit.
621 4355 726 4423 qualern
747 4355 819 4411 Gora
873 4358 905 4409 16
923 4371 1055 4408 croessum
1073 4359 1100 4408 A

1011 4441 1043 4492 9*
