2820 4914
223 366 285 430 212
450 366 563 432 Quinti
583 367 722 436 Septimi
742 366 910 421 Florentia
928 366 1129 422 Tertulliani

222 542 360 606 dientem
390 543 467 606 satis
499 562 647 607 mersum.
687 548 722 607 ut
744 544 853 626 opinor
875 548 992 623 autem,
1022 544 1108 607 aliud
1139 543 1293 627 adspergi
1320 543 1367 606 uel

221 648 364 731 intercipi
388 648 538 712 uiolentia
561 649 666 729 marie,
692 649 775 712 aliud
799 648 900 732 tingui
923 649 1087 731 disciplina
1108 649 1285 731 religionis.
1321 667 1366 712 ce·

222 755 324 815 terum
349 753 494 816 nauicula
516 753 569 816 illa
592 752 725 835 figuram
742 753 890 816 eeclesiae
906 752 1114 837 praelerebat,
1138 737 1276 833 quod-lin
1291 752 1366 816 mari

222 856 252 919 id
277 863 323 920 est
347 857 470 920 saeculo
488 856 640 941 ,fluetibus
661 857 691 919 id
709 861 758 921 est
773 856 1039 939 persecutionibus
1055 861 1086 920 et
1102 840 1380 941 temptationibus

181 985 194 1024 s
222 960 421 1042 inquietatur,
446 962 571 1025 domino
588 981 642 1042 per
657 962 842 1043 patientiam
858 963 945 1025 uelut
968 961 1152 1041 dormiente,
1177 961 1279 1025 donec
1301 979 1366 1025 ora-

220 1064 356 1129 tionibus
388 1069 568 1129 sanctorum
598 1067 629 1128 in
658 1067 777 1129 ultimis
806 1066 976 1129 suscitatus
1000 1069 1181 1148 compescat
1203 1066 1389 1157 saeculum„

221 1172 252 1231 et
275 1170 535 1251 tranquillitatem
560 1171 624 1233 suis
648 1171 765 1234 reddat.
806 1189 888 1234 nuno
911 1171 977 1234 siue
1001 1170 1091 1234 tincti
1117 1188 1248 1252 quoquo
1276 1156 1365 1233 modo

221 1272 348 1336 luerunt
371 1274 436 1336 siue
460 1274 536 1338 illoti
560 1278 852 1358 perseuerauerunt,
884 1278 973 1338 utet
996 1274 1074 1338 illud
1101 1274 1224 1337 dictum
1248 1273 1367 1338 domini

191 1377 258 1469 ζ(19.
282 1396 342 1441 uno
365 1377 490 1442 lauacro
514 1377 571 1441 sub
595 1378 679 1442 Petri
703 1397 835 1461 persona
858 1380 898 1443 ad
921 1397 976 1442 nos
998 1378 1219 1443 tantummodo
1236 1381 1366 1461 spectet,

164 1472 206 1559 ro*
221 1482 258 1545 de
290 1482 389 1546 salute
417 1486 523 1546 tamen
553 1484 764 1565 apostolorum
788 1484 864 1547 satis
888 1484 1090 1548 temerarium
1113 1486 1163 1546 est
1183 1483 1366 1563 aestimare,

221 1588 294 1669 quia
317 1587 377 1650 illis
401 1588 450 1650 uel
475 1588 593 1670 primae
618 1588 800 1651 adlectionis
825 1592 854 1650 et
880 1588 988 1651 exinde
1006 1588 1182 1651 indiuiduas
1201 1587 1367 1652 familiari-

221 1692 294 1755 tatis
325 1692 782 1775 praerogatiuacompendium
807 1692 957 1775 baptismi
979 1693 1119 1756 conferre
1142 1696 1263 1775 posset,
1294 1711 1366 1755 cum

220 1796 275 1875 illi,
299 1797 417 1878 opinor,
441 1796 652 1877 sequebantur
668 1797 756 1859 illum
773 1797 823 1878 qui
841 1796 978 1860 credenti
994 1797 1103 1878 cuique
1120 1797 1259 1860 salutem
1273 1797 1365 1878 polli·
1393 1866 1400 1873 ,

220 1899 357 1963 sebatur.
398 1900 493 1963 fides
515 1905 578 1964 tua
601 1904 648 1980 te,
673 1901 786 1979 aiebat,
810 1901 956 1966 saluum
972 1901 1080 1979 iecit,
1104 1905 1144 1980 et,
1167 1901 1364 1965 remitten-

167 2031 192 2069 15
220 2009 279 2068 tur
310 2004 381 2068 tibi
411 2009 580 2086 peecata,
612 2006 750 2069 credenti
781 2005 890 2087 utique
921 2024 977 2069 neo
1000 2008 1107 2069 tamen
1131 2006 1241 2070 tincto.
1279 2006 1312 2068 id
1337 2005 1363 2069 si

220 2110 367 2190 apostolis
399 2109 509 2189 deluit,
541 2111 646 2174 neseio
669 2128 803 2192 quorum
826 2109 971 2203 fioquno
994 2109 1090 2174 uerbo
1122 2109 1244 2175 domini
1266 2111 1362 2175 susci-

219 2216 304 2276 tatns
328 2213 486 2278 teloneum
502 2213 676 2294 dereliquit,
699 2217 822 2295 patrem
843 2218 874 2277 et
891 2232 1004 2276 nauem
1020 2217 1052 2277 et
1067 2216 1168 2278 artem
1184 2232 1249 2295 qua
1262 2213 1360 2278 uitam

219 2317 417 2381 sustentabat
440 2318 587 2398 deseruit,
610 2318 707 2399 patris
731 2318 891 2399 exsequias
915 2318 1065 2400 despexit,
1096 2336 1261 2382 summum
1287 2317 1361 2382 illud

219 2421 335 2486 domini
355 2427 567 2506 praeceptum,
591 2423 653 2504 qui
673 2426 815 2505 patrem
840 2426 903 2486 aut
925 2428 1080 2487 matrem
1104 2422 1195 2487 mihi
1216 2427 1359 2506 praetu-

166 2552 191 2591 eo
218 2527 320 2608 ierit,
345 2545 416 2592 nou
439 2532 496 2591 est
519 2546 573 2590 rue
597 2527 746 2610 diguus,
771 2532 842 2591 ante
865 2528 996 2610 perfecit
1018 2545 1112 2609 quam
1136 2528 1267 2592 audiuit.

263 2630 312 2695 13,
343 2632 404 2695 Hie
432 2650 504 2714 ergo
533 2632 745 2695 scelestissimi
770 2632 813 2695 illi
836 2635 1007 2712 prouocant
1029 2631 1238 2713 quaestiones.
1287 2632 1358 2696 adeo

218 2734 337 2800 dicunt:
367 2735 544 2818 baptismus
573 2754 634 2799 non
663 2740 711 2799 est
739 2736 933 2799 necessarius
962 2735 1074 2817 quibus
1096 2734 1175 2799 tides
1199 2735 1276 2800 satis
1300 2739 1357 2807 osb

218 2858 291 2903 nam
315 2844 346 2904 et
368 2839 530 2904 Abraham
556 2841 671 2904 nullius
695 2859 794 2922 aquae
820 2840 878 2903 nisi
902 2839 972 2903 fidei
997 2842 1194 2904 sacramento
1214 2840 1274 2905 deo
1296 2841 1358 2924 pla-

217 2946 288 3009 cuit.
328 2945 382 3008 sed
406 2946 436 3007 in
461 2944 606 3008 omnibus
630 2945 801 3027 posteriora
824 2944 1014 3008 concludunt
1036 2947 1068 3007 et
1086 2944 1255 3025 sequentia
1274 2947 1358 3009 ante·

165 3074 190 3113 es
218 3048 399 3113 cedentibus
422 3049 613 3132 praeualent.
652 3050 746 3112 fuerit
769 3050 854 3112 salus
875 3053 957 3113 retro
973 3068 1028 3130 por
1042 3048 1138 3113 fidem
1153 3047 1275 3114 nudam
1290 3053 1358 3114 aute

218 3152 334 3217 domini
365 3154 543 3235 passionem
574 3156 605 3215 et
635 3154 910 3226 resurrectionum
941 3155 974 3216 at
1003 3151 1056 3216 ubi
1088 3152 1166 3217 fides
1193 3156 1290 3218 aucta
1315 3157 1359 3217 est

217 3256 361 3321 credendi
384 3258 415 3320 in
440 3258 638 3321 natiuitatem
662 3257 840 3341 passionem
861 3257 1183 3338 resurrectionemque
1204 3256 1286 3339 siue,
1308 3258 1359 3322 ad·

217 3360 282 3424 dita
298 3365 346 3425 est
362 3362 522 3443 ampliatio
539 3363 744 3441 sacramento,
766 3360 939 3445 obsignatio
956 3360 1116 3445 baptismi,
1132 3361 1360 3427 uestimentum

218 3466 444 3547 quodammodo
473 3465 553 3545 fidei,
585 3485 664 3547 quae
690 3471 773 3529 retro
798 3469 864 3529 erat
892 3466 976 3530 nuda
998 3484 1055 3530 neo
1076 3467 1182 3547 potest
1203 3465 1271 3529 iam
1294 3466 1359 3530 sine

164 3595 190 3633 oo
217 3587 273 3633 sua
296 3570 374 3651 lege.
413 3572 461 3634 lex
486 3570 567 3634 enim
586 3569 747 3652 tinguendi
764 3570 911 3652 imposita
927 3574 975 3634 est
990 3573 1023 3633 et
1038 3570 1139 3634 torma
1153 3571 1359 3655 praescripta

321 3776 365 3846 14]
384 3776 465 3830 marc.
480 3779 520 3840 ro,
535 3780 575 3831 52.
632 3776 676 3844 ro]
695 3776 792 3830 Maron.
808 3779 849 3842 ro,
862 3780 903 3833 aa.

260 3969 290 4022 11
306 3967 367 4034 quia
382 3968 560 4034 Gel:quaeB
607 3982 667 4019 oum
681 3965 727 4018 illo
739 3965 932 4021 familiaritatis
941 3968 997 4023 Ian
1045 3967 1205 4024 laeumilli
1220 3971 1363 4027 ameum

215 4053 261 4106 illo
279 4055 314 4117 B,
334 4054 440 4107 cumulo
454 4055 527 4120 θοαὶ,
546 4069 606 4106 eum
625 4053 686 4106 ilioo
699 4055 843 4110 Hartelias
898 4057 930 4110 14
948 4055 1124 4109 remittuntur
1138 4055 1189 4111 Gal
1247 4061 1281 4115 16
1298 4075 1364 4128 quo-

215 4156 275 4193 rum
293 4140 346 4193 fide
369 4141 508 4196 Oebleras:
526 4156 639 4208 quorum
657 4139 723 4192 fides
742 4142 777 4208 B,
796 4156 923 4208 quorsum
942 4140 1028 4195 fidens
1045 4142 1111 4198 Soal
1162 4144 1297 4201 suscitata
1312 4148 1365 4203 Urs

218 4230 249 4283 18
268 4228 312 4294 qui
332 4228 414 4296 patris
433 4229 475 4294 B;
493 4228 538 4295 qui
557 4228 607 4282 del.
626 4227 681 4297 Rip
743 4227 810 4280 illud
833 4229 898 4283 Ure:
916 4228 988 4282 illius
1005 4229 1033 4285 Β
1090 4229 1281 4287 accredendo
1298 4236 1365 4304 fort.

214 4316 249 4367 28
267 4314 425 4367 socrmrreuti
439 4315 616 4370 Haeaoebiae
669 4317 702 4368 29
720 4317 810 4382 potest
821 4315 875 4370 ianr
888 4318 923 4383 B,
941 4315 1091 4385 potentiam
1102 4315 1201 4371 habuit
1212 4320 1300 4393 Beraq,
1315 4322 1367 4378 Gal
