2820 4914
409 362 482 415 ml
503 364 550 415 Im
565 363 730 415 indicitis
748 367 854 417 tt-ts
1141 362 1204 427 2ζῆ

49 548 91 600 et
119 540 249 601 sceleris
271 540 473 601 maiiesrm
494 540 748 602 demumr:
770 559 813 601 au
834 538 976 601 eiusdem
998 540 1039 600 sio
1059 557 1208 602 excusent

53 643 207 723 aliquam
237 643 462 725 impudicitiam
490 645 545 725 qni
573 646 657 707 iuter
684 644 793 706 utros·
819 643 962 707 tabum
984 661 1113 705 sunm
1135 660 1205 725 parsi

58 748 347 828 angustiansque
367 764 634 830 ψει-ει
656 749 773 811 ieiunia
794 764 825 811 et
848 748 1207 830 nigrim-ram

60 852 406 932 quoqueprudinrit:
424 851 1207 934 umffidemsitreeipereinmmmumatioaem

62 953 216 1037 reprobos
241 975 382 1038 quisque
409 958 464 1037 qni
492 957 624 1020 suntet:
652 975 747 1038 quae
776 958 875 1020 enim
904 957 1069 1020 ssu-ictas
1099 956 1207 1019 iusti·
1247 988 1257 1021 s

65 1060 145 1122 tiae
173 1072 209 1123 et
240 1062 456 1142 iniquitati?
484 1080 579 1142 qnae
607 1077 732 1125 autern
757 1062 1048 1125 communicatio
1072 1061 1148 1124 inci
1170 1076 1204 1123 ct

65 1163 259 1227 tenebris?
278 1184 372 1246 qnae
385 1168 632 1229 consonantia
646 1165 798 1229 Christo
815 1181 853 1229 et
866 1166 1011 1229 Belial?
1032 1179 1095 1227 ant
1113 1183 1208 1246 qnae

64 1285 154 1349 pars
182 1268 290 1332 fideli
318 1288 402 1332 cnm
430 1270 605 1334 infideli?
633 1286 696 1333 ant
726 1271 811 1351 quis
836 1289 1043 1334 consensus
1065 1268 1208 1351 templo

65 1373 128 1435 dei
149 1380 186 1436 et
208 1374 343 1437 idolis?
378 1393 482 1437 nonne
503 1388 684 1438 constanter
705 1375 813 1437 audire
834 1374 976 1439 debebit.
999 1390 1028 1437 et
1052 1373 1207 1455 quoumdo

64 1477 216 1540 discernis
244 1497 326 1559 quae
354 1497 449 1560 supra
478 1481 590 1542 incesti
618 1480 816 1542 restitutione
845 1479 998 1543 iunximi?
1040 1479 1095 1541 ilio
1120 1477 1207 1541 enim
1234 1506 1260 1542 o

64 1592 289 1664 concorporato
317 1602 426 1645 rursus
455 1584 606 1646 eeclesiae
627 1590 660 1646 et
682 1584 803 1646 iustitia
823 1602 897 1646 eum
919 1583 1086 1664 iniquitate
1107 1581 1208 1645 soria·

64 1691 120 1748 tur
149 1691 181 1749 et
213 1686 361 1750 tenebrae
394 1707 468 1750 cum
496 1689 567 1752 luce
595 1689 831 1751 communicant
865 1702 896 1750 et
925 1687 1025 1751 Belin
1054 1699 1205 1750 conseruat

64 1789 193 1853 Christo
214 1795 245 1853 et
267 1790 401 1854 infidelis
422 1811 496 1854 cum
517 1792 602 1855 fideli
624 1806 821 1855 sacranmnta
842 1792 1018 1874 participat.
1063 1802 1094 1854 et
1120 1790 1208 1853 uidc-

64 1893 131 1957 rint
161 1894 258 1973 idola,
286 1896 353 1977 ipse
382 1897 492 1978 templi
522 1896 572 1958 dei
598 1898 725 1959 uitiator
746 1898 777 1959 in
800 1896 955 1977 templum
977 1895 1027 1958 dei
1048 1895 1205 1958 conuenit.

64 2016 143 2061 nam
165 2003 197 2062 et
218 1997 285 2080 hic,
313 2018 380 2063 uos
409 2001 521 2079 euim,
552 2002 667 2082 inquit,
697 2002 791 2064 estis
819 2000 1001 2083 templum
1031 2000 1089 2063 dei
1116 1999 1206 2062 uiui.
1235 2029 1260 2065 rs

63 2101 160 2166 dicit
185 2104 297 2183 enim,
326 2105 412 2185 quia
434 2104 655 2168 inhabitabo
676 2106 714 2169 in
736 2104 859 2183 nobis,
889 2116 926 2168 et
948 2102 1206 2180 inambulabo,

63 2210 102 2269 et
125 2225 187 2270 ero
201 2207 292 2270 deus
305 2208 471 2287 illorum,
494 2222 530 2272 et
544 2209 604 2273 illi
619 2215 728 2273 eruut
744 2209 833 2272 mihi
847 2209 1018 2292 populus.
1052 2220 1208 2291 propter

63 2311 162 2391 quod
194 2311 376 2376 discedite
407 2313 450 2375 de
484 2314 603 2377 medio
636 2332 776 2393 eornm,
810 2314 1040 2396 separamini
1073 2322 1107 2375 et
1141 2312 1206 2375 im-

63 2416 242 2478 mundum
271 2437 316 2480 ne
346 2418 568 2500 attigeritis,
613 2418 673 2481 hoc
696 2436 819 2499 quoquc
849 2418 984 2495 motuis,
1014 2416 1205 2498 eapostolc.

64 2523 101 2582 ut
131 2538 203 2582 cum
234 2521 368 2584 maxime
397 2522 464 2604 ipse
498 2528 586 2585 tanto
618 2523 890 2585 immunditiarum
923 2522 1040 2605 gurgiti
1074 2539 1204 2584 manum
1231 2549 1257 2586 so

63 2623 174 2703 tradis,
189 2625 286 2687 immo
301 2630 332 2688 ct
343 2646 384 2685 res
397 2626 498 2689 adhuc
513 2627 699 2709 superdicis:
721 2627 905 2690 habentes
920 2626 1036 2709 igitur
1050 2625 1205 2707 promis-

64 2728 208 2791 sionem
230 2730 357 2808 istam,
380 2730 526 2811 dilecti,
548 2733 790 2794 emundemus
814 2749 879 2794 nos
902 2730 947 2792 ab
966 2730 1064 2793 omni
1085 2729 1205 2810 inqui·

64 2837 239 2916 nomento
269 2835 392 2898 carnis
422 2840 457 2899 et
487 2837 645 2918 spiritus
674 2835 919 2918 perficientes
944 2834 1204 2898 castimoniam

63 2938 100 3000 in
124 2937 183 3001 dei
204 2939 346 3002 timore.
388 2957 441 3004 oro
463 2945 506 3019 te,
528 2941 582 3022 qui
604 2941 680 3003 talia
702 2939 805 3022 infigit
828 2938 986 3002 montibus
1009 2939 1133 3017 nostris,
1156 2959 1205 3002 re·

62 3046 231 3104 uocauerat
252 3042 389 3124 aliquem
411 3044 631 3108 fornicatorem
654 3044 687 3106 in
710 3044 897 3107 ecclesiam?
927 3061 967 3106 au
994 3042 1063 3107 ideo
1086 3043 1204 3123 scribit,
1230 3069 1257 3109 as

43 3164 105 3214 .ne
134 3143 192 3208 t-ibi
221 3165 306 3209 nunc
334 3165 497 3211 reuocesse
527 3149 691 3211 uideatur?
735 3147 813 3210 haec
843 3147 933 3210 sicuti
964 3151 994 3210 et
1026 3147 1204 3229 praeteritis

62 3250 284 3331 praescribere,
305 3251 349 3314 ita
364 3256 396 3314 et
411 3251 615 3333 sequentibus
629 3251 842 3334 praeiudicare
857 3251 1026 3316 debebunt.
1060 3251 1093 3314 in
1109 3252 1203 3315 tinem

63 3354 149 3417 enim
173 3355 323 3437 epistolae
349 3357 471 3437 diceus,
501 3377 545 3420 ne
575 3376 710 3421 rursus
742 3376 822 3420 cum
852 3375 1000 3437 uenero,
1030 3357 1201 3421 humiliet

73 3575 120 3630 bd
169 3491 197 3560 5]
214 3495 232 3546 2
250 3492 309 3548 eor.
322 3495 346 3556 e,
361 3495 393 3548 14
405 3509 461 3561 sqq.
538 3493 583 3562 15]
601 3493 703 3557 iotae,
718 3496 750 3548 io
763 3509 819 3562 sqq.
884 3493 931 3562 21]
950 3492 1053 3556 rotor,
1069 3496 1091 3548 1.
1156 3494 1202 3561 os]

62 3576 184 3642 iiio
196 3582 238 3634 21.

109 3703 121 3755 l
146 3700 318 3755 manifestum
341 3701 542 3756 dedemueuerit
563 3704 626 3758 Gel:
648 3702 845 3757 manifestando
863 3703 1037 3756 damnauerat
1059 3703 1095 3767 B,
1118 3703 1203 3756 tuoni·

63 3787 163 3840 festum
181 3787 413 3856 praedamnauerit
431 3791 488 3843 Lat
549 3789 585 3842 sit
605 3790 634 3856 G,
653 3808 704 3846 om.
724 3791 751 3844 Β
811 3789 888 3845 odei
911 3789 940 3855 0,
957 3808 1008 3845 oro.
1022 3791 1049 3844 Β
1113 3791 1144 3844 13
1163 3789 1203 3842 iu·

63 3873 150 3927 fidelis
177 3873 205 3940 0,
227 3874 372 3928 infidelitas
395 3877 423 3930 Β
494 3878 526 3931 14
553 3876 663 3929 uitiator
687 3877 750 3930 Get:
777 3876 888 3929 uitiatur
914 3877 942 3930 Β
1014 3878 1044 3930 17
1072 3891 1120 3942 ego
1147 3876 1203 3945 Rip

64 3964 98 4016 19
110 3959 218 4013 euolues
230 3964 293 4029 sort.
341 3962 429 4031 mut]
443 3964 624 4017 etHortelius
671 3962 773 4016 malum
786 3965 841 4017 Lot
892 3965 924 4017 21
939 3964 1065 4017 locrorum
1078 3963 1204 4031 siprrooi,¹

62 4046 184 4100 osculum
197 4050 241 4102 uel
251 4049 340 4103 simile
351 4051 419 4117 quid
431 4050 601 4104 desideratur
647 4066 727 4118 supra
739 4050 805 4102 dicis
822 4052 881 4113 l'rs,
895 4048 1056 4118 superedicis
1071 4050 1201 4106 ii'issorot

63 4137 97 4190 22
120 4133 210 4186 dilecti
234 4136 395 4192 Horrisius:
418 4135 507 4189 delicti
532 4138 558 4190 B
629 4139 662 4190 23
688 4136 854 4204 perficientes
877 4137 960 4190 Paro:
987 4135 1148 4203 perficientis
1175 4138 1202 4191 B

62 4224 96 4276 24
110 4208 160 4272 'dei
177 4221 262 4275 Pam:
279 4221 341 4275 fidei
360 4224 387 4277 Β
457 4225 490 4277 26
509 4221 586 4275 sicuti
608 4223 672 4277 Gel:
690 4220 774 4275 sicubi
793 4224 820 4277 Β
889 4225 922 4278 27
941 4220 1118 4290 praescribere
1139 4223 1202 4278 eet:

60 4306 253 4378 praescriberet
270 4309 298 4362 Β
