2820 4914
201 352 265 416 200
451 352 481 417 Q.
501 352 526 404 S.
546 351 576 406 F.
595 350 797 405 Tertulliani
822 351 866 404 De
889 351 1038 404 oratione
1059 354 1102 406 29.

202 532 310 592 nostre
339 527 488 591 aduersus
519 528 657 608 hostem,
688 527 742 610 qui
772 544 829 591 nos
859 525 997 608 undique
1027 525 1188 591 obseruet.
1244 526 1342 607 itaque

202 649 373 713 numquam
400 633 536 696 inermes
567 632 759 696 incedamus,
820 631 870 695 die
903 630 1063 711 stationis,
1097 634 1192 694 noete
1222 631 1339 715 uigiliae

201 736 448 800 meminerimus.
495 736 553 800 sub
578 737 674 800 ermis
702 736 849 800 orationis
876 736 1002 819 signum
1024 734 1124 799 nostri
1146 734 1335 818 imperaturis

202 841 429 920 custodiemus,
458 841 567 905 tubam
595 841 697 924 angeli
725 844 924 924 expectemus
952 842 1086 904 orentes.
1132 843 1226 903 orent
1251 839 1332 903 etium

150 971 163 1011 s
203 946 306 1028 angeli
329 963 454 1024 omnes,
477 949 546 1009 orat
568 946 671 1009 omnis
694 948 851 1025 ereatura,
879 947 971 1010 orent
992 942 1128 1028 pecudes
1152 947 1186 1007 et
1208 943 1290 1007 ferae
1310 946 1332 1006 et

202 1068 305 1134 genua
336 1050 495 1113 declinent
526 1053 557 1113 et
587 1050 781 1133 egredientes
812 1049 850 1112 de
884 1047 1017 1112 stabulis
1051 1065 1088 1112 ee
1118 1047 1276 1130 speluncis
1304 1046 1337 1110 ut

203 1154 324 1218 eaelum
349 1171 410 1216 non
433 1154 530 1218 otiose
554 1173 606 1218 ere
630 1154 806 1235 suspiciunt
828 1153 988 1217 uibrantes
1009 1152 1154 1234 spin'tum
1175 1169 1231 1216 suo
1248 1169 1340 1215 mere.

205 1258 259 1321 sed
283 1261 314 1321 et
341 1276 415 1321 aues
444 1276 536 1322 mene
565 1261 750 1342 exurgentes
778 1259 941 1341 eriguntur
963 1257 1002 1320 ad
1024 1257 1146 1320 eaelum
1170 1259 1203 1320 et
1225 1256 1353 1320 alarum

204 1381 328 1426 erueem
350 1381 406 1445 pro
434 1362 580 1426 menibus
608 1362 787 1444 expendunt
815 1365 847 1426 et
873 1362 981 1425 dieunt
1004 1360 1121 1443 aliquid
1144 1360 1228 1442 qued
1251 1359 1357 1424 oratio

153 1494 177 1533 m
204 1466 356 1530 uideatur.
403 1467 478 1548 quid
501 1484 574 1549 ergo
597 1467 732 1548 emplius
756 1466 793 1530 de
817 1466 919 1530 effieio
943 1465 1113 1531 orationis?
1158 1464 1255 1529 etiam
1280 1464 1363 1547 ipse

205 1570 349 1635 deminus
374 1571 484 1651 orauit,
509 1571 557 1634 eui
582 1572 622 1634 sit
644 1571 742 1635 hener
764 1573 796 1633 et
816 1571 917 1634 uirtus
940 1571 971 1633 in
995 1569 1120 1633 saecula
1140 1569 1364 1633 seeeulornm.

250 1760 387 1816 lhostem
405 1760 591 1815 oe:hen1inem
609 1761 639 1815 D
692 1762 863 1827 2nunquem
881 1759 911 1813 D
969 1757 1119 1812 incidemus
1136 1758 1167 1812 D
1230 1757 1373 1813 totioso

206 1848 392 1902 Murateriue:
409 1847 488 1901 otiosi
506 1848 535 1900 D
583 1846 741 1915 suspiciunt
759 1847 945 1901 Muratoriue:
963 1843 1113 1913 suscipiunt
1130 1844 1161 1898 D
1223 1843 1378 1914 spiritum

206 1951 253 1987 suo
272 1950 344 1987 more
362 1952 395 1989 x:
413 1937 463 2003 spu
481 1951 528 1986 suo
548 1950 654 1986 mouere
672 1934 702 1987 D
755 1937 771 1990 8
789 1950 867 1986 mane
884 1933 996 2002 scripsi:
1014 1947 1084 1984 nune
1103 1932 1141 1998 D,
1160 1930 1224 1985 nido
1242 1949 1270 1999 x,
1287 1947 1378 1988 eum

206 2023 278 2075 atius
296 2023 342 2075 uir
359 2023 453 2077 doctus
471 2022 553 2087 (idem
566 2025 592 2073 et
608 2027 670 2075 ante
689 2020 782 2073 dieunt
800 2021 870 2087 det),
889 2019 951 2072 hine
969 2020 1041 2073 atius
1059 2019 1106 2072 wir
1123 2019 1219 2074 duetus
1271 2021 1287 2073 9
1306 2034 1375 2073 ex-

207 2108 321 2163 tendunt
340 2109 511 2164 eratorien
