2820 4914
222 380 284 445 238
453 380 566 446 Quinti
585 380 723 450 Septimi
741 380 909 434 Florentio
927 380 1131 435 Tertulliani

222 559 305 620 esset
327 555 430 619 uitalis
454 573 542 619 escae
565 555 720 638 simulque
743 557 819 620 ahos
841 556 962 621 uideret
980 556 1121 639 inopere
1138 555 1352 620 diuinoabun·

221 660 330 723 dantes
359 678 440 743 pane
471 660 606 725 caelesti.
653 660 831 725 recordatur
861 661 958 743 patris
988 661 1051 741 dei,
1081 660 1249 725 satisfacto
1270 660 1350 740 redit,
1398 714 1400 753 :

221 767 343 828 uestem
373 764 537 847 pristinam
567 765 690 846 recipit,
722 767 840 828 statum
870 765 988 829 scilieet
1017 783 1103 845 eum,
1135 783 1233 846 quem
1258 763 1349 828 Adam
1397 760 1400 869 j

220 871 435 951 transgressus
466 869 623 932 amiserat.
669 868 797 931 anulum
828 887 949 950 quoque
972 869 1090 951 accepit
1112 871 1191 932 tunc
1212 869 1347 952 primum,

182 999 195 1038 s
221 991 281 1054 quo
311 971 383 1036 fidei
412 973 589 1055 pactionem
618 972 828 1056 interrogatus
858 972 1016 1055 obsignat,
1051 975 1144 1054 atque
1176 972 1222 1036 ita
1251 971 1347 1035 exinde

222 1077 382 1160 opimitate
413 1076 560 1140 dominici
586 1077 721 1159 corporis
746 1076 896 1156 uescitur,
927 1077 1112 1140 eucharistia
1135 1076 1264 1140 scilieet.
1304 1076 1348 1140 hic

222 1182 280 1244 erit
301 1180 448 1263 prodigus
471 1179 563 1260 filius,
588 1182 640 1262 qui
662 1198 835 1262 numquam
857 1183 940 1244 retro
962 1180 1055 1263 frugi,
1081 1180 1137 1261 qui
1160 1181 1267 1244 statim
1287 1198 1349 1263 pro·

222 1285 326 1367 digus,
360 1283 442 1366 quod
475 1301 536 1348 non
567 1284 675 1348 statim
707 1283 913 1348 Christianus.
958 1284 1041 1348 hunc
1071 1287 1103 1348 et
1130 1283 1292 1348 Pharisaei
1318 1283 1349 1346 de

222 1389 344 1453 saeculo
368 1388 407 1452 ad
428 1389 525 1472 patris
550 1389 728 1472 complexus
750 1392 960 1452 reuertentem
983 1389 1015 1452 in
1037 1387 1213 1470 publicanis
1235 1392 1268 1453 et
1288 1405 1350 1470 pec

171 1521 196 1559 ιο
222 1492 378 1556 catoribus
401 1492 604 1556 maerebant..
640 1497 670 1556 et
693 1493 761 1556 ideo
783 1493 822 1556 ad
845 1493 903 1556 hoe
926 1492 1028 1556 solum
1044 1492 1169 1556 maioris
1186 1493 1290 1557 fratris
1305 1491 1351 1555 ad-

222 1597 436 1661 commodatus
460 1600 508 1660 est
530 1597 618 1677 liuor,
642 1615 704 1661 non
727 1598 801 1679 quia
822 1599 1004 1661 innocentes
1027 1599 1058 1660 et
1077 1596 1134 1661 deo
1149 1595 1352 1678 obsequentes

222 1701 344 1780 Iudaei,
376 1701 431 1765 sed
461 1701 534 1782 quia
564 1701 738 1765 incidentes
771 1700 948 1765 nationibus
981 1700 1130 1779 salutem,
1160 1701 1256 1783 plane
1283 1717 1353 1782 quos

223 1824 345 1887 semper
375 1805 457 1888 apud
486 1808 608 1888 patrem
639 1824 706 1869 esse
738 1808 924 1887 oportuerat.
944 1794 947 1799 ’
971 1809 1002 1869 et
1027 1806 1133 1886 utique
1157 1804 1295 1868 Iudaeus
1320 1804 1355 1868 ad

222 1910 356 1992 primam
378 1910 485 1973 statim
508 1910 704 1973 uocationem
720 1907 887 1973 Christiani
909 1909 1018 1992 gemit,
1042 1926 1103 1973 uon
1126 1908 1166 1972 ad
1190 1908 1356 1972 secundam

172 2038 196 2078 1⁵
223 2014 462 2077 rest'tutionem.
523 2014 576 2077 issa
610 2015 692 2077 enim
723 2013 818 2077 etiam
849 2013 980 2077 ethnicis
1010 2013 1141 2093 relucet,
1178 2012 1258 2076 haec
1288 2029 1355 2077 uero

222 2118 355 2198 quaein
379 2117 516 2181 eeclesiis
540 2118 642 2201 agitur
665 2136 703 2181 ne
726 2118 850 2181 Iudaeis
873 2117 998 2199 quidem
1021 2119 1095 2180 nota
1117 2119 1176 2180 est.
1210 2113 1290 2198 puto
1311 2134 1357 2180 me

224 2224 255 2285 et
277 2222 425 2285 materiae
447 2220 668 2305 parabolarum
684 2225 715 2285 et
730 2221 952 2305 congruentiae
967 2239 1072 2285 rerum
1088 2223 1119 2284 et
1132 2221 1255 2284 tutelae
1271 2220 1358 2284 disci·

223 2325 379 2407 plinarum
403 2325 700 2390 adcommodatiores
715 2326 986 2408 interpretationes
1002 2324 1184 2388 reddidisse.
1219 2328 1358 2388 ceterum

224 2430 251 2492 si
273 2430 306 2493 in
328 2429 386 2494 hoc
408 2430 504 2513 gestit
525 2430 648 2494 diuersa
669 2447 742 2512 pars
766 2447 857 2493 ouem
881 2433 911 2494 et
933 2429 1116 2493 drachmam
1138 2431 1170 2492 et
1192 2427 1252 2492 filii
1274 2429 1359 2493 luxu·

171 2560 197 2597 ro
223 2534 301 2598 riam
324 2532 499 2598 Christiano
529 2535 683 2617 peccatori
712 2533 920 2618 configurare,
951 2536 986 2597 ut
1013 2532 1187 2597 moechiam
1210 2536 1245 2596 et
1268 2533 1360 2598 forni-

224 2638 379 2702 cationem
401 2638 593 2722 paenitentia
619 2639 749 2718 donent,
777 2640 831 2702 aut
858 2641 889 2702 et
911 2641 1015 2702 cetera
1037 2637 1149 2701 delicta
1171 2637 1291 2720 pariter
1312 2655 1359 2701 ca

223 2743 331 2826 pitalia
353 2742 479 2807 concedi
502 2742 656 2825 oportebit
677 2744 732 2805 aut
753 2742 840 2825 paria
862 2760 981 2824 quoque
1004 2759 1112 2805 eorum
1134 2741 1313 2806 moechiam
1331 2745 1359 2804 et

224 2846 458 2911 fornicationem
479 2845 727 2911 inconcessibilia
750 2847 875 2910 seruari.
922 2846 976 2909 sed
998 2846 1069 2929 plus
1093 2848 1151 2926 est,
1179 2846 1265 2927 quod
1288 2844 1357 2910 nihd

225 2950 307 3014 ahud
337 2951 550 3034 argumentari
577 2951 649 3014 lieet
672 2950 750 3014 eitra
772 2950 804 3014 id
826 2950 863 3014 de
886 2968 947 3031 quo
971 2949 1130 3034 agebatur.
1178 2950 1313 3032 denique
1335 2949 1357 3013 si

173 3083 198 3121 es
226 3054 373 3118 aliorsum
399 3055 563 3138 parabolas
594 3055 793 3120 transducere
823 3055 942 3135 liceret,
974 3055 1013 3118 ad
1043 3055 1229 3137 martyrium
1260 3055 1355 3138 potius

226 3158 429 3241 dirigeremus
461 3179 548 3242 spem
579 3159 719 3240 illarum,
749 3159 830 3241 quod
858 3160 959 3224 solum
982 3159 1067 3223 omni
1090 3157 1273 3224 substantia
1293 3177 1355 3243 pro·

225 3262 316 3326 dacta
345 3263 509 3328 restituere
538 3263 637 3327 hlium
663 3264 777 3347 poterit
799 3268 830 3327 et
852 3263 1033 3327 drachmam
1055 3263 1137 3328 inter
1160 3264 1270 3328 omnia
1290 3264 1355 3328 licet

225 3368 257 3430 in
288 3371 421 3431 stercore
452 3371 608 3450 repertam
638 3387 709 3431 curn
743 3368 855 3451 gaudio
888 3367 1092 3451 praedicabit,
1126 3371 1159 3432 et
1188 3385 1283 3432 ouem
1306 3385 1354 3451 per

226 3489 337 3554 aspera
359 3490 497 3554 quaeque
521 3476 551 3536 et
573 3472 705 3554 abrupta
727 3473 893 3556 fugitiuam
915 3472 1054 3535 humeris
1076 3471 1175 3553 ipsius
1195 3471 1354 3537 dominiin

172 3603 198 3642 ao
225 3596 352 3660 gregem
382 3577 504 3641 referet.
551 3576 605 3640 sed
636 3577 792 3640 malumus
822 3577 854 3640 in
881 3576 1042 3659 scripturis
1073 3577 1191 3656 minus,
1223 3578 1253 3641 si
1274 3577 1355 3654 forte,

227 3699 334 3763 sapere
357 3699 452 3762 quarn
475 3673 604 3745 eontra
636 3680 765 3763 proinde
793 3699 920 3744 sensum
948 3679 1065 3745 domini
1088 3680 1247 3745 custodire
1270 3680 1357 3745 debe-

226 3803 296 3848 mus
328 3787 418 3866 atque
447 3787 659 3868 praeceptum.
706 3803 768 3848 non
790 3788 839 3848 est
861 3785 958 3847 leuior
980 3785 1187 3867 transgressio
1210 3785 1245 3850 in
1268 3785 1359 3849 inter·

224 3889 397 3970 pretatione
421 3907 515 3970 quarn
537 3889 570 3952 in
593 3889 838 3953 conuersatione.

270 4152 282 4204 l
303 4164 376 4202 escae
398 4149 571 4204 Oioccoaias:
588 4164 647 4201 esca
664 4150 691 4203 B
761 4147 865 4202 uideret
885 4149 948 4203 ceo.-
965 4147 1040 4202 uidet
1057 4149 1084 4203 B
1153 4151 1171 4204 4
1191 4150 1295 4220 accipit
1316 4153 1365 4209 Ura

225 4235 341 4303 primum
367 4235 430 4299 Get:
451 4234 594 4303 pristinum
617 4236 644 4288 B
717 4234 1217 4303 1011111111(11111111111113,
1242 4254 1366 4293 numera-

225 4320 292 4375 bant
308 4323 352 4376 ael
373 4321 540 4375 mirabantur
556 4325 620 4390 sort.
683 4324 716 4377 30
734 4319 831 4375 referet
850 4322 914 4377 Gal:
931 4320 1012 4375 refert
1030 4324 1057 4376 B
1110 4321 1132 4375 si
1150 4323 1216 4379 add.
1234 4326 1286 4382 aaz
