<?xml version="1.0" encoding="UTF-8"?>
<!DOCTYPE html PUBLIC "-//W3C//DTD XHTML 1.0 Transitional//EN"
    "http://www.w3.org/TR/xhtml1/DTD/xhtml1-transitional.dtd">
<html xmlns="http://www.w3.org/1999/xhtml" xml:lang="en" lang="en">
 <head>
  <title>
</title>
<meta http-equiv="Content-Type" content="text/html;charset=utf-8" />
  <meta name='ocr-system' content='tesseract 3.04.00' />
  <meta name='ocr-capabilities' content='ocr_page ocr_carea ocr_par ocr_line ocrx_word'/>
</head>
<body>
  <div class='ocr_page' id='page_1' title='image "./qvintiseptimifl00wissgoog_0329.png"; bbox 0 0 2820 4914; ppageno 0'>
   <div class='ocr_carea' id='block_1_1' title="bbox 224 412 1133 482">
    <p class='ocr_par' dir='ltr' id='par_1_1' title="bbox 224 412 1133 482">
     <span class='ocr_line' id='line_1_1' title="bbox 224 412 1133 482; baseline 0.001 -15"><span class='ocrx_word' id='word_1_1' title='bbox 224 412 286 476; x_wconf 83' lang='lat'>306</span> <span class='ocrx_word' id='word_1_2' title='bbox 454 412 568 478; x_wconf 83' lang='lat' dir='ltr'>Quinti</span> <span class='ocrx_word' id='word_1_3' title='bbox 588 413 726 482; x_wconf 78' lang='lat' dir='ltr'>Septimi</span> <span class='ocrx_word' id='word_1_4' title='bbox 744 413 910 467; x_wconf 83' lang='lat' dir='ltr'>Florentia</span> <span class='ocrx_word' id='word_1_5' title='bbox 928 414 1133 468; x_wconf 78' lang='lat' dir='ltr'>Tertulliani</span> 
     </span>
    </p>
   </div>
   <div class='ocr_carea' id='block_1_2' title="bbox 184 587 1402 1303">
    <p class='ocr_par' dir='ltr' id='par_1_2' title="bbox 184 587 1402 1303">
     <span class='ocr_line' id='line_1_2' title="bbox 222 587 1368 671; baseline 0.002 -21"><span class='ocrx_word' id='word_1_6' title='bbox 222 587 465 669; x_wconf 81' lang='lat' dir='ltr'>propositionem</span> <span class='ocrx_word' id='word_1_7' title='bbox 489 606 600 670; x_wconf 90' lang='lat' dir='ltr'>corpus</span> <span class='ocrx_word' id='word_1_8' title='bbox 624 589 842 671; x_wconf 88' lang='lat' dir='ltr'>adagnoscam.</span> <span class='ocrx_word' id='word_1_9' title='bbox 879 589 941 653; x_wconf 86' lang='lat' dir='ltr'>iarn</span> <span class='ocrx_word' id='word_1_10' title='bbox 964 609 1038 654; x_wconf 88' lang='lat' dir='ltr'>uero</span> <span class='ocrx_word' id='word_1_11' title='bbox 1062 591 1087 654; x_wconf 93' lang='lat' dir='ltr'>si</span> <span class='ocrx_word' id='word_1_12' title='bbox 1112 591 1151 654; x_wconf 91' lang='lat' dir='ltr'>ab</span> <span class='ocrx_word' id='word_1_13' title='bbox 1169 592 1235 654; x_wconf 89' lang='lat' dir='ltr'>alio</span> <span class='ocrx_word' id='word_1_14' title='bbox 1253 591 1368 655; x_wconf 89' lang='lat' dir='ltr'>moueri</span> 
     </span>
     <span class='ocr_line' id='line_1_3' title="bbox 223 693 1368 775; baseline 0.003 -21"><span class='ocrx_word' id='word_1_15' title='bbox 223 693 359 774; x_wconf 86' lang='lat' dir='ltr'>corporis</span> <span class='ocrx_word' id='word_1_16' title='bbox 383 696 439 772; x_wconf 85' lang='lat' dir='ltr'>est,</span> <span class='ocrx_word' id='word_1_17' title='bbox 463 697 579 773; x_wconf 87' lang='lat' dir='ltr'>quanto</span> <span class='ocrx_word' id='word_1_18' title='bbox 602 693 702 775; x_wconf 90' lang='lat' dir='ltr'>magis</span> <span class='ocrx_word' id='word_1_19' title='bbox 726 712 852 757; x_wconf 89' lang='lat' dir='ltr'>mouere</span> <span class='ocrx_word' id='word_1_20' title='bbox 872 694 978 757; x_wconf 78' lang='lat' dir='ltr'>aliud?</span> <span class='ocrx_word' id='word_1_21' title='bbox 1012 695 1119 758; x_wconf 92' lang='lat' dir='ltr'>anima</span> <span class='ocrx_word' id='word_1_22' title='bbox 1135 699 1249 759; x_wconf 87' lang='lat' dir='ltr'>autem</span> <span class='ocrx_word' id='word_1_23' title='bbox 1266 699 1368 762; x_wconf 87' lang='lat' dir='ltr'>mouet</span> 
     </span>
     <span class='ocr_line' id='line_1_4' title="bbox 223 798 1367 880; baseline 0.003 -21"><span class='ocrx_word' id='word_1_24' title='bbox 223 815 348 879; x_wconf 90' lang='lat' dir='ltr'>corpus,</span> <span class='ocrx_word' id='word_1_25' title='bbox 380 801 411 860; x_wconf 86' lang='lat' dir='ltr'>et</span> <span class='ocrx_word' id='word_1_26' title='bbox 441 800 570 861; x_wconf 84' lang='lat' dir='ltr'>conatus</span> <span class='ocrx_word' id='word_1_27' title='bbox 602 798 667 860; x_wconf 88' lang='lat' dir='ltr'>eius</span> <span class='ocrx_word' id='word_1_28' title='bbox 696 799 888 862; x_wconf 81' lang='lat' dir='ltr'>extrinsecus</span> <span class='ocrx_word' id='word_1_29' title='bbox 912 799 987 862; x_wconf 85' lang='lat' dir='ltr'>foris</span> <span class='ocrx_word' id='word_1_30' title='bbox 1008 803 1129 880; x_wconf 89' lang='lat' dir='ltr'>parent.</span> <span class='ocrx_word' id='word_1_31' title='bbox 1179 800 1222 863; x_wconf 91' lang='lat' dir='ltr'>ab</span> <span class='ocrx_word' id='word_1_32' title='bbox 1246 801 1301 862; x_wconf 91' lang='lat' dir='ltr'>illa</span> <span class='ocrx_word' id='word_1_33' title='bbox 1323 803 1367 862; x_wconf 87' lang='lat' dir='ltr'>est</span> 
     </span>
     <span class='ocr_line' id='line_1_5' title="bbox 223 902 1364 984; baseline 0 -20"><span class='ocrx_word' id='word_1_34' title='bbox 223 903 306 965; x_wconf 88' lang='lat' dir='ltr'>enirn</span> <span class='ocrx_word' id='word_1_35' title='bbox 330 902 460 984; x_wconf 84' lang='lat' dir='ltr'>impingi</span> <span class='ocrx_word' id='word_1_36' title='bbox 485 907 516 965; x_wconf 90' lang='lat' dir='ltr'>ct</span> <span class='ocrx_word' id='word_1_37' title='bbox 538 902 633 984; x_wconf 88' lang='lat' dir='ltr'>pedes</span> <span class='ocrx_word' id='word_1_38' title='bbox 656 903 685 965; x_wconf 93' lang='lat' dir='ltr'>in</span> <span class='ocrx_word' id='word_1_39' title='bbox 711 903 868 966; x_wconf 88' lang='lat' dir='ltr'>incessum</span> <span class='ocrx_word' id='word_1_40' title='bbox 892 907 923 967; x_wconf 85' lang='lat' dir='ltr'>et</span> <span class='ocrx_word' id='word_1_41' title='bbox 946 920 1057 966; x_wconf 87' lang='lat' dir='ltr'>manus</span> <span class='ocrx_word' id='word_1_42' title='bbox 1080 904 1113 967; x_wconf 91' lang='lat' dir='ltr'>in</span> <span class='ocrx_word' id='word_1_43' title='bbox 1137 907 1321 968; x_wconf 88' lang='lat' dir='ltr'>contactum</span> <span class='ocrx_word' id='word_1_44' title='bbox 1337 906 1364 965; x_wconf 88' lang='lat' dir='ltr'>et</span> 
     </span>
     <span class='ocr_line' id='line_1_6' title="bbox 184 1007 1361 1091; baseline 0 -22"><span class='ocrx_word' id='word_1_45' title='bbox 184 1032 196 1069; x_wconf 88' lang='lat'><strong>5</strong></span> <span class='ocrx_word' id='word_1_46' title='bbox 223 1007 328 1069; x_wconf 91' lang='lat' dir='ltr'>oculos</span> <span class='ocrx_word' id='word_1_47' title='bbox 359 1007 390 1068; x_wconf 89' lang='lat' dir='ltr'>in</span> <span class='ocrx_word' id='word_1_48' title='bbox 420 1010 622 1088; x_wconf 84' lang='lat' dir='ltr'>conspectum</span> <span class='ocrx_word' id='word_1_49' title='bbox 653 1010 685 1070; x_wconf 92' lang='lat' dir='ltr'>et</span> <span class='ocrx_word' id='word_1_50' title='bbox 707 1007 849 1090; x_wconf 88' lang='lat' dir='ltr'>linguam</span> <span class='ocrx_word' id='word_1_51' title='bbox 871 1008 904 1071; x_wconf 93' lang='lat' dir='ltr'>in</span> <span class='ocrx_word' id='word_1_52' title='bbox 927 1007 1071 1087; x_wconf 88' lang='lat' dir='ltr'>effatum,</span> <span class='ocrx_word' id='word_1_53' title='bbox 1102 1008 1195 1071; x_wconf 90' lang='lat' dir='ltr'>uelut</span> <span class='ocrx_word' id='word_1_54' title='bbox 1219 1007 1361 1091; x_wconf 87' lang='lat' dir='ltr'>sigillaria</span> 
     </span>
     <span class='ocr_line' id='line_1_7' title="bbox 223 1110 1360 1195; baseline -0.001 -21"><span class='ocrx_word' id='word_1_55' title='bbox 223 1115 310 1175; x_wconf 89' lang='lat' dir='ltr'>motu</span> <span class='ocrx_word' id='word_1_56' title='bbox 342 1110 536 1193; x_wconf 89' lang='lat' dir='ltr'>superficiem</span> <span class='ocrx_word' id='word_1_57' title='bbox 568 1111 653 1174; x_wconf 90' lang='lat' dir='ltr'>intus</span> <span class='ocrx_word' id='word_1_58' title='bbox 684 1112 833 1195; x_wconf 80' lang='lat' dir='ltr'>agitante.</span> <span class='ocrx_word' id='word_1_59' title='bbox 879 1113 962 1176; x_wconf 92' lang='lat' dir='ltr'>unde</span> <span class='ocrx_word' id='word_1_60' title='bbox 992 1113 1069 1176; x_wconf 88' lang='lat' dir='ltr'>haec</span> <span class='ocrx_word' id='word_1_61' title='bbox 1101 1113 1149 1176; x_wconf 91' lang='lat' dir='ltr'>uis</span> <span class='ocrx_word' id='word_1_62' title='bbox 1183 1112 1360 1195; x_wconf 86' lang='lat' dir='ltr'>incorporali</span> 
     </span>
     <span class='ocr_line' id='line_1_8' title="bbox 223 1202 1402 1303; baseline 0 -25"><span class='ocrx_word' id='word_1_63' title='bbox 223 1216 361 1295; x_wconf 92' lang='lat' dir='ltr'>animae,</span> <span class='ocrx_word' id='word_1_64' title='bbox 386 1215 467 1278; x_wconf 87' lang='lat' dir='ltr'>unde</span> <span class='ocrx_word' id='word_1_65' title='bbox 492 1234 609 1279; x_wconf 86' lang='lat' dir='ltr'>uacuae</span> <span class='ocrx_word' id='word_1_66' title='bbox 632 1216 675 1278; x_wconf 86' lang='lat' dir='ltr'>rei</span> <span class='ocrx_word' id='word_1_67' title='bbox 704 1216 802 1279; x_wconf 91' lang='lat' dir='ltr'>solida</span> <span class='ocrx_word' id='word_1_68' title='bbox 824 1217 1020 1300; x_wconf 77' lang='lat' dir='ltr'>propellere?</span> <span class='ocrx_word' id='word_1_69' title='bbox 1066 1217 1121 1279; x_wconf 88' lang='lat' dir='ltr'>sed</span> <span class='ocrx_word' id='word_1_70' title='bbox 1144 1218 1299 1297; x_wconf 90' lang='lat' dir='ltr'>quomodo</span> <span class='ocrx_word' id='word_1_71' title='bbox 1320 1216 1358 1278; x_wconf 91' lang='lat' dir='ltr'>di·</span> <span class='ocrx_word' id='word_1_72' title='bbox 1395 1202 1402 1303; x_wconf 68' lang='grc'>1</span> 
     </span>
    </p>
   </div>
   <div class='ocr_carea' id='block_1_3' title="bbox 149 1306 1402 3804">
    <p class='ocr_par' dir='ltr' id='par_1_3' title="bbox 223 1306 1402 1402">
     <span class='ocr_line' id='line_1_9' title="bbox 223 1306 1402 1402; baseline 0 -20"><span class='ocrx_word' id='word_1_73' title='bbox 223 1320 283 1382; x_wconf 92' lang='lat' dir='ltr'>uisi</span> <span class='ocrx_word' id='word_1_74' title='bbox 314 1320 459 1383; x_wconf 88' lang='lat' dir='ltr'>uidentur</span> <span class='ocrx_word' id='word_1_75' title='bbox 489 1321 521 1383; x_wconf 91' lang='lat' dir='ltr'>in</span> <span class='ocrx_word' id='word_1_76' title='bbox 553 1320 678 1384; x_wconf 90' lang='lat' dir='ltr'>homine</span> <span class='ocrx_word' id='word_1_77' title='bbox 710 1339 821 1384; x_wconf 91' lang='lat' dir='ltr'>sensus</span> <span class='ocrx_word' id='word_1_78' title='bbox 853 1322 1027 1402; x_wconf 83' lang='lat' dir='ltr'>corporales</span> <span class='ocrx_word' id='word_1_79' title='bbox 1058 1325 1090 1385; x_wconf 88' lang='lat' dir='ltr'>et</span> <span class='ocrx_word' id='word_1_80' title='bbox 1113 1321 1356 1386; x_wconf 80' lang='lat' dir='ltr'>intellectuales?</span> <span class='ocrx_word' id='word_1_81' title='bbox 1398 1306 1402 1371; x_wconf 81' lang='lat' dir='ltr'>l</span> 
     </span>
    </p>

    <p class='ocr_par' dir='ltr' id='par_1_4' title="bbox 223 1374 1402 1509">
     <span class='ocr_line' id='line_1_10' title="bbox 223 1374 1402 1509; baseline 0 -22"><span class='ocrx_word' id='word_1_82' title='bbox 223 1426 427 1506; x_wconf 78' lang='lat' dir='ltr'>corporalium</span> <span class='ocrx_word' id='word_1_83' title='bbox 451 1425 538 1488; x_wconf 88' lang='lat' dir='ltr'>aiunt</span> <span class='ocrx_word' id='word_1_84' title='bbox 562 1443 666 1488; x_wconf 92' lang='lat' dir='ltr'>rernm</span> <span class='ocrx_word' id='word_1_85' title='bbox 689 1426 866 1506; x_wconf 88' lang='lat' dir='ltr'>qualitates,</span> <span class='ocrx_word' id='word_1_86' title='bbox 890 1429 925 1489; x_wconf 90' lang='lat' dir='ltr'>ut</span> <span class='ocrx_word' id='word_1_87' title='bbox 948 1429 1059 1506; x_wconf 90' lang='lat' dir='ltr'>terrae,</span> <span class='ocrx_word' id='word_1_88' title='bbox 1082 1430 1118 1490; x_wconf 90' lang='lat' dir='ltr'>ut</span> <span class='ocrx_word' id='word_1_89' title='bbox 1140 1425 1237 1509; x_wconf 89' lang='lat' dir='ltr'>ignis,</span> <span class='ocrx_word' id='word_1_90' title='bbox 1260 1443 1355 1508; x_wconf 90' lang='lat' dir='ltr'>corpo·</span> <span class='ocrx_word' id='word_1_91' title='bbox 1398 1374 1402 1501; x_wconf 78' lang='lat' dir='ltr'>l</span> 
     </span>
    </p>

    <p class='ocr_par' dir='ltr' id='par_1_5' title="bbox 149 1504 1402 3804">
     <span class='ocr_line' id='line_1_11' title="bbox 172 1504 1402 1612; baseline 0.001 -23"><span class='ocrx_word' id='word_1_92' title='bbox 172 1528 340 1593; x_wconf 72' lang='lat' dir='ltr'>rotalibus</span> <span class='ocrx_word' id='word_1_93' title='bbox 367 1528 510 1592; x_wconf 82' lang='lat' dir='ltr'>sensibus</span> <span class='ocrx_word' id='word_1_94' title='bbox 534 1529 715 1609; x_wconf 87' lang='lat' dir='ltr'>renuntiari,</span> <span class='ocrx_word' id='word_1_95' title='bbox 747 1533 781 1592; x_wconf 89' lang='lat' dir='ltr'>ut</span> <span class='ocrx_word' id='word_1_96' title='bbox 804 1531 910 1610; x_wconf 88' lang='lat' dir='ltr'>tactui,</span> <span class='ocrx_word' id='word_1_97' title='bbox 943 1533 978 1594; x_wconf 92' lang='lat' dir='ltr'>ut</span> <span class='ocrx_word' id='word_1_98' title='bbox 1000 1529 1092 1609; x_wconf 90' lang='lat' dir='ltr'>uisui,</span> <span class='ocrx_word' id='word_1_99' title='bbox 1123 1529 1354 1612; x_wconf 82' lang='lat' dir='ltr'>incorporalium</span> <span class='ocrx_word' id='word_1_100' title='bbox 1399 1504 1402 1563; x_wconf 84' lang='lat'>¹</span> 
     </span>
     <span class='ocr_line' id='line_1_12' title="bbox 223 1633 1353 1718; baseline -0.002 -21"><span class='ocrx_word' id='word_1_101' title='bbox 223 1651 297 1697; x_wconf 87' lang='lat' dir='ltr'>uero</span> <span class='ocrx_word' id='word_1_102' title='bbox 317 1633 579 1697; x_wconf 85' lang='lat' dir='ltr'>intellectualibus</span> <span class='ocrx_word' id='word_1_103' title='bbox 603 1634 772 1713; x_wconf 90' lang='lat' dir='ltr'>conueniri,</span> <span class='ocrx_word' id='word_1_104' title='bbox 796 1637 831 1697; x_wconf 92' lang='lat' dir='ltr'>ut</span> <span class='ocrx_word' id='word_1_105' title='bbox 852 1634 1067 1717; x_wconf 68' lang='lat' dir='ltr'>benignitatis</span> <span class='ocrx_word' id='word_1_106' title='bbox 1090 1637 1126 1698; x_wconf 91' lang='lat' dir='ltr'>ut</span> <span class='ocrx_word' id='word_1_107' title='bbox 1149 1635 1353 1718; x_wconf 91' lang='lat' dir='ltr'>malignitatis.</span> 
     </span>
     <span class='ocr_line' id='line_1_13' title="bbox 222 1739 1354 1821; baseline -0.001 -20"><span class='ocrx_word' id='word_1_108' title='bbox 222 1740 328 1820; x_wconf 89' lang='lat' dir='ltr'>itaque</span> <span class='ocrx_word' id='word_1_109' title='bbox 350 1739 575 1821; x_wconf 88' lang='lat' dir='ltr'>incorporalem</span> <span class='ocrx_word' id='word_1_110' title='bbox 599 1757 667 1801; x_wconf 88' lang='lat' dir='ltr'>esse</span> <span class='ocrx_word' id='word_1_111' title='bbox 691 1739 829 1801; x_wconf 89' lang='lat' dir='ltr'>animam</span> <span class='ocrx_word' id='word_1_112' title='bbox 853 1742 985 1819; x_wconf 88' lang='lat' dir='ltr'>constat,</span> <span class='ocrx_word' id='word_1_113' title='bbox 1009 1739 1097 1802; x_wconf 87' lang='lat' dir='ltr'>cuius</span> <span class='ocrx_word' id='word_1_114' title='bbox 1117 1739 1288 1820; x_wconf 88' lang='lat' dir='ltr'>qualitates</span> <span class='ocrx_word' id='word_1_115' title='bbox 1303 1756 1354 1801; x_wconf 92' lang='lat' dir='ltr'>non</span> 
     </span>
     <span class='ocr_line' id='line_1_14' title="bbox 224 1841 1357 1925; baseline 0 -21"><span class='ocrx_word' id='word_1_116' title='bbox 224 1842 451 1923; x_wconf 84' lang='lat' dir='ltr'>corporalibus,</span> <span class='ocrx_word' id='word_1_117' title='bbox 488 1842 541 1906; x_wconf 91' lang='lat' dir='ltr'>sed</span> <span class='ocrx_word' id='word_1_118' title='bbox 577 1841 842 1906; x_wconf 88' lang='lat' dir='ltr'>intellectualibus</span> <span class='ocrx_word' id='word_1_119' title='bbox 877 1842 1021 1906; x_wconf 83' lang='lat' dir='ltr'>sensibus</span> <span class='ocrx_word' id='word_1_120' title='bbox 1052 1843 1357 1925; x_wconf 89' lang='lat' dir='ltr'>comprehendantur.</span> 
     </span>
     <span class='ocr_line' id='line_1_15' title="bbox 223 1945 1357 2030; baseline 0.001 -22"><span class='ocrx_word' id='word_1_121' title='bbox 223 1946 326 2029; x_wconf 88' lang='lat' dir='ltr'>plane,</span> <span class='ocrx_word' id='word_1_122' title='bbox 355 1948 381 2009; x_wconf 92' lang='lat' dir='ltr'>si</span> <span class='ocrx_word' id='word_1_123' title='bbox 405 1965 465 2010; x_wconf 93' lang='lat' dir='ltr'>nou</span> <span class='ocrx_word' id='word_1_124' title='bbox 488 1947 580 2010; x_wconf 92' lang='lat' dir='ltr'>huius</span> <span class='ocrx_word' id='word_1_125' title='bbox 604 1945 791 2010; x_wconf 89' lang='lat' dir='ltr'>definitionis</span> <span class='ocrx_word' id='word_1_126' title='bbox 814 1947 948 2030; x_wconf 91' lang='lat' dir='ltr'>gradum</span> <span class='ocrx_word' id='word_1_127' title='bbox 971 1947 1140 2010; x_wconf 83' lang='lat' dir='ltr'>exclusero.</span> <span class='ocrx_word' id='word_1_128' title='bbox 1189 1966 1260 2010; x_wconf 88' lang='lat' dir='ltr'>ecce</span> <span class='ocrx_word' id='word_1_129' title='bbox 1284 1948 1357 2010; x_wconf 87' lang='lat' dir='ltr'>enim</span> 
     </span>
     <span class='ocr_line' id='line_1_16' title="bbox 184 2051 1358 2133; baseline 0.003 -23"><span class='ocrx_word' id='word_1_130' title='bbox 184 2073 196 2110; x_wconf 83' lang='grc'>1</span> <span class='ocrx_word' id='word_1_131' title='bbox 223 2051 427 2132; x_wconf 89' lang='lat' dir='ltr'>incorporalia</span> <span class='ocrx_word' id='word_1_132' title='bbox 439 2051 567 2114; x_wconf 90' lang='lat' dir='ltr'>ostendo</span> <span class='ocrx_word' id='word_1_133' title='bbox 584 2051 795 2133; x_wconf 88' lang='lat' dir='ltr'>corporalibus</span> <span class='ocrx_word' id='word_1_134' title='bbox 812 2052 955 2115; x_wconf 91' lang='lat' dir='ltr'>sensibus</span> <span class='ocrx_word' id='word_1_135' title='bbox 972 2052 1081 2132; x_wconf 85' lang='lat' dir='ltr'>subici,</span> <span class='ocrx_word' id='word_1_136' title='bbox 1106 2070 1220 2115; x_wconf 93' lang='lat' dir='ltr'>sonum</span> <span class='ocrx_word' id='word_1_137' title='bbox 1238 2052 1358 2130; x_wconf 89' lang='lat' dir='ltr'>auditui,</span> 
     </span>
     <span class='ocr_line' id='line_1_17' title="bbox 224 2156 1358 2238; baseline 0.003 -21"><span class='ocrx_word' id='word_1_138' title='bbox 224 2156 359 2219; x_wconf 85' lang='lat' dir='ltr'>colorem</span> <span class='ocrx_word' id='word_1_139' title='bbox 389 2156 579 2237; x_wconf 87' lang='lat' dir='ltr'>conspectui,</span> <span class='ocrx_word' id='word_1_140' title='bbox 611 2156 736 2219; x_wconf 90' lang='lat' dir='ltr'>odorem</span> <span class='ocrx_word' id='word_1_141' title='bbox 765 2156 915 2236; x_wconf 90' lang='lat' dir='ltr'>odoratui,</span> <span class='ocrx_word' id='word_1_142' title='bbox 946 2173 1078 2238; x_wconf 88' lang='lat' dir='ltr'>quorum</span> <span class='ocrx_word' id='word_1_143' title='bbox 1102 2158 1247 2238; x_wconf 85' lang='lat' dir='ltr'>exemplo</span> <span class='ocrx_word' id='word_1_144' title='bbox 1271 2158 1358 2221; x_wconf 90' lang='lat' dir='ltr'>etiam</span> 
     </span>
     <span class='ocr_line' id='line_1_18' title="bbox 224 2260 1359 2344; baseline -0.001 -20"><span class='ocrx_word' id='word_1_145' title='bbox 224 2260 329 2324; x_wconf 90' lang='lat' dir='ltr'>anima</span> <span class='ocrx_word' id='word_1_146' title='bbox 359 2261 477 2342; x_wconf 90' lang='lat' dir='ltr'>corpori</span> <span class='ocrx_word' id='word_1_147' title='bbox 506 2260 637 2340; x_wconf 90' lang='lat' dir='ltr'>accedit,</span> <span class='ocrx_word' id='word_1_148' title='bbox 670 2279 708 2324; x_wconf 92' lang='lat' dir='ltr'>ne</span> <span class='ocrx_word' id='word_1_149' title='bbox 733 2260 815 2324; x_wconf 87' lang='lat' dir='ltr'>dicas</span> <span class='ocrx_word' id='word_1_150' title='bbox 838 2260 950 2324; x_wconf 88' lang='lat' dir='ltr'>idcirco</span> <span class='ocrx_word' id='word_1_151' title='bbox 975 2279 1012 2325; x_wconf 92' lang='lat' dir='ltr'>ea</span> <span class='ocrx_word' id='word_1_152' title='bbox 1033 2280 1089 2343; x_wconf 90' lang='lat' dir='ltr'>per</span> <span class='ocrx_word' id='word_1_153' title='bbox 1112 2262 1291 2344; x_wconf 89' lang='lat' dir='ltr'>corporales</span> <span class='ocrx_word' id='word_1_154' title='bbox 1317 2280 1359 2324; x_wconf 90' lang='lat' dir='ltr'>re-</span> 
     </span>
     <span class='ocr_line' id='line_1_19' title="bbox 224 2364 1361 2448; baseline 0.001 -22"><span class='ocrx_word' id='word_1_155' title='bbox 224 2365 359 2428; x_wconf 91' lang='lat' dir='ltr'>nuntiari</span> <span class='ocrx_word' id='word_1_156' title='bbox 390 2383 501 2428; x_wconf 91' lang='lat' dir='ltr'>sensus</span> <span class='ocrx_word' id='word_1_157' title='bbox 532 2364 604 2446; x_wconf 90' lang='lat' dir='ltr'>quia</span> <span class='ocrx_word' id='word_1_158' title='bbox 626 2364 838 2447; x_wconf 91' lang='lat' dir='ltr'>corporalibus</span> <span class='ocrx_word' id='word_1_159' title='bbox 868 2365 1026 2429; x_wconf 89' lang='lat' dir='ltr'>accedant.</span> <span class='ocrx_word' id='word_1_160' title='bbox 1072 2365 1170 2448; x_wconf 88' lang='lat' dir='ltr'>igitur</span> <span class='ocrx_word' id='word_1_161' title='bbox 1193 2366 1221 2429; x_wconf 93' lang='lat' dir='ltr'>si</span> <span class='ocrx_word' id='word_1_162' title='bbox 1246 2367 1361 2430; x_wconf 91' lang='lat' dir='ltr'>constat</span> 
     </span>
     <span class='ocr_line' id='line_1_20' title="bbox 223 2467 1361 2551; baseline 0.001 -21"><span class='ocrx_word' id='word_1_163' title='bbox 223 2469 427 2550; x_wconf 86' lang='lat' dir='ltr'>incorporalia</span> <span class='ocrx_word' id='word_1_164' title='bbox 456 2487 577 2551; x_wconf 88' lang='lat' dir='ltr'>quoque</span> <span class='ocrx_word' id='word_1_165' title='bbox 605 2467 857 2551; x_wconf 89' lang='lat' dir='ltr'>acorporalibus</span> <span class='ocrx_word' id='word_1_166' title='bbox 888 2468 1122 2550; x_wconf 88' lang='lat' dir='ltr'>comprehendi,</span> <span class='ocrx_word' id='word_1_167' title='bbox 1156 2487 1213 2533; x_wconf 91' lang='lat' dir='ltr'>cur</span> <span class='ocrx_word' id='word_1_168' title='bbox 1244 2489 1307 2534; x_wconf 92' lang='lat' dir='ltr'>non</span> <span class='ocrx_word' id='word_1_169' title='bbox 1335 2471 1361 2531; x_wconf 90' lang='lat' dir='ltr'>et</span> 
     </span>
     <span class='ocr_line' id='line_1_21' title="bbox 172 2573 1361 2656; baseline 0.003 -23"><span class='ocrx_word' id='word_1_170' title='bbox 172 2595 198 2633; x_wconf 84' lang='grc' dir='ltr'>1ο</span> <span class='ocrx_word' id='word_1_171' title='bbox 225 2574 339 2653; x_wconf 80' lang='lat' dir='ltr'>anima,</span> <span class='ocrx_word' id='word_1_172' title='bbox 371 2591 450 2654; x_wconf 89' lang='lat' dir='ltr'>quae</span> <span class='ocrx_word' id='word_1_173' title='bbox 479 2573 657 2656; x_wconf 90' lang='lat' dir='ltr'>corporalis,</span> <span class='ocrx_word' id='word_1_174' title='bbox 689 2573 727 2636; x_wconf 91' lang='lat' dir='ltr'>ab</span> <span class='ocrx_word' id='word_1_175' title='bbox 751 2573 996 2656; x_wconf 87' lang='lat' dir='ltr'>incorporalibus</span> <span class='ocrx_word' id='word_1_176' title='bbox 1019 2573 1240 2639; x_wconf 84' lang='lat' dir='ltr'>renuntietur?</span> <span class='ocrx_word' id='word_1_177' title='bbox 1285 2577 1361 2638; x_wconf 86' lang='lat' dir='ltr'>certo</span> 
     </span>
     <span class='ocr_line' id='line_1_22' title="bbox 224 2676 1362 2761; baseline -0.001 -21"><span class='ocrx_word' id='word_1_178' title='bbox 224 2677 361 2741; x_wconf 89' lang='lat' dir='ltr'>definitio</span> <span class='ocrx_word' id='word_1_179' title='bbox 393 2679 517 2741; x_wconf 82' lang='lat' dir='ltr'>exclusa</span> <span class='ocrx_word' id='word_1_180' title='bbox 548 2677 598 2740; x_wconf 85' lang='lat' dir='ltr'>sit.</span> <span class='ocrx_word' id='word_1_181' title='bbox 645 2677 682 2739; x_wconf 88' lang='lat' dir='ltr'>de</span> <span class='ocrx_word' id='word_1_182' title='bbox 713 2676 935 2760; x_wconf 85' lang='lat' dir='ltr'>insignioribus</span> <span class='ocrx_word' id='word_1_183' title='bbox 959 2678 1288 2761; x_wconf 83' lang='lat' dir='ltr'>argumentationibus</span> <span class='ocrx_word' id='word_1_184' title='bbox 1310 2678 1362 2741; x_wconf 85' lang='lat' dir='ltr'>erit</span> 
     </span>
     <span class='ocr_line' id='line_1_23' title="bbox 224 2781 1360 2865; baseline 0.001 -20"><span class='ocrx_word' id='word_1_185' title='bbox 224 2783 319 2846; x_wconf 91' lang='lat' dir='ltr'>etiam</span> <span class='ocrx_word' id='word_1_186' title='bbox 342 2783 405 2863; x_wconf 91' lang='lat' dir='ltr'>illa,</span> <span class='ocrx_word' id='word_1_187' title='bbox 429 2782 510 2864; x_wconf 92' lang='lat' dir='ltr'>quod</span> <span class='ocrx_word' id='word_1_188' title='bbox 533 2800 625 2845; x_wconf 88' lang='lat' dir='ltr'>omne</span> <span class='ocrx_word' id='word_1_189' title='bbox 641 2800 752 2864; x_wconf 91' lang='lat' dir='ltr'>corpus</span> <span class='ocrx_word' id='word_1_190' title='bbox 769 2781 979 2865; x_wconf 89' lang='lat' dir='ltr'>corporalibus</span> <span class='ocrx_word' id='word_1_191' title='bbox 996 2783 1036 2845; x_wconf 90' lang='lat' dir='ltr'>ali</span> <span class='ocrx_word' id='word_1_192' title='bbox 1051 2782 1202 2863; x_wconf 90' lang='lat' dir='ltr'>iudicant,</span> <span class='ocrx_word' id='word_1_193' title='bbox 1228 2784 1360 2848; x_wconf 89' lang='lat' dir='ltr'>animaru</span> 
     </span>
     <span class='ocr_line' id='line_1_24' title="bbox 223 2886 1360 2970; baseline 0.001 -21"><span class='ocrx_word' id='word_1_194' title='bbox 223 2905 296 2950; x_wconf 88' lang='lat' dir='ltr'>uero</span> <span class='ocrx_word' id='word_1_195' title='bbox 319 2891 354 2950; x_wconf 89' lang='lat' dir='ltr'>ut</span> <span class='ocrx_word' id='word_1_196' title='bbox 377 2887 601 2969; x_wconf 85' lang='lat' dir='ltr'>incorporalem</span> <span class='ocrx_word' id='word_1_197' title='bbox 623 2886 877 2968; x_wconf 80' lang='lat' dir='ltr'>incorporalibus,</span> <span class='ocrx_word' id='word_1_198' title='bbox 906 2886 1076 2970; x_wconf 88' lang='lat' dir='ltr'>sapientiae</span> <span class='ocrx_word' id='word_1_199' title='bbox 1100 2887 1222 2952; x_wconf 88' lang='lat' dir='ltr'>scilicet</span> <span class='ocrx_word' id='word_1_200' title='bbox 1246 2889 1360 2952; x_wconf 87' lang='lat' dir='ltr'>studiis.</span> 
     </span>
     <span class='ocr_line' id='line_1_25' title="bbox 224 2989 1361 3074; baseline 0.002 -21"><span class='ocrx_word' id='word_1_201' title='bbox 224 2991 278 3053; x_wconf 91' lang='lat' dir='ltr'>sed</span> <span class='ocrx_word' id='word_1_202' title='bbox 307 3009 363 3054; x_wconf 93' lang='lat' dir='ltr'>nec</span> <span class='ocrx_word' id='word_1_203' title='bbox 386 2991 437 3055; x_wconf 89' lang='lat' dir='ltr'>hio</span> <span class='ocrx_word' id='word_1_204' title='bbox 459 2991 573 3074; x_wconf 90' lang='lat' dir='ltr'>gradus</span> <span class='ocrx_word' id='word_1_205' title='bbox 598 2990 695 3054; x_wconf 85' lang='lat' dir='ltr'>stabit</span> <span class='ocrx_word' id='word_1_206' title='bbox 717 2991 812 3054; x_wconf 90' lang='lat' dir='ltr'>etiam</span> <span class='ocrx_word' id='word_1_207' title='bbox 834 2989 950 3055; x_wconf 84' lang='lat' dir='ltr'>Sorano</span> <span class='ocrx_word' id='word_1_208' title='bbox 974 2990 1168 3055; x_wconf 88' lang='lat' dir='ltr'>methodicae</span> <span class='ocrx_word' id='word_1_209' title='bbox 1191 2993 1361 3057; x_wconf 88' lang='lat' dir='ltr'>medicinae</span> 
     </span>
     <span class='ocr_line' id='line_1_26' title="bbox 149 3095 1361 3180; baseline 0.007 -30"><span class='ocrx_word' id='word_1_210' title='bbox 149 3143 152 3150; x_wconf 77' lang='grc'>,</span> <span class='ocrx_word' id='word_1_211' title='bbox 171 3115 197 3153; x_wconf 77' lang='lat' dir='ltr'>er.</span> <span class='ocrx_word' id='word_1_212' title='bbox 223 3095 462 3159; x_wconf 90' lang='lat' dir='ltr'>instructissimo</span> <span class='ocrx_word' id='word_1_213' title='bbox 486 3098 610 3159; x_wconf 88' lang='lat' dir='ltr'>auctore</span> <span class='ocrx_word' id='word_1_214' title='bbox 633 3095 840 3178; x_wconf 87' lang='lat' dir='ltr'>respondente</span> <span class='ocrx_word' id='word_1_215' title='bbox 856 3095 996 3159; x_wconf 91' lang='lat' dir='ltr'>animam</span> <span class='ocrx_word' id='word_1_216' title='bbox 1011 3095 1228 3178; x_wconf 89' lang='lat' dir='ltr'>corporalibus</span> <span class='ocrx_word' id='word_1_217' title='bbox 1245 3116 1361 3180; x_wconf 89' lang='lat' dir='ltr'>qnoque</span> 
     </span>
     <span class='ocr_line' id='line_1_27' title="bbox 225 3199 1361 3284; baseline 0.004 -22"><span class='ocrx_word' id='word_1_218' title='bbox 225 3200 278 3278; x_wconf 87' lang='lat' dir='ltr'>ali,</span> <span class='ocrx_word' id='word_1_219' title='bbox 310 3199 442 3281; x_wconf 90' lang='lat' dir='ltr'>denique</span> <span class='ocrx_word' id='word_1_220' title='bbox 465 3200 659 3263; x_wconf 87' lang='lat' dir='ltr'>deficientem</span> <span class='ocrx_word' id='word_1_221' title='bbox 684 3217 754 3263; x_wconf 92' lang='lat' dir='ltr'>eam</span> <span class='ocrx_word' id='word_1_222' title='bbox 777 3199 845 3263; x_wconf 90' lang='lat' dir='ltr'>cibo</span> <span class='ocrx_word' id='word_1_223' title='bbox 867 3201 1051 3282; x_wconf 87' lang='lat' dir='ltr'>plerumque</span> <span class='ocrx_word' id='word_1_224' title='bbox 1073 3200 1185 3264; x_wconf 82' lang='lat' dir='ltr'>fnlciri.</span> <span class='ocrx_word' id='word_1_225' title='bbox 1236 3202 1361 3284; x_wconf 81' lang='lat' dir='ltr'>quidni?</span> 
     </span>
     <span class='ocr_line' id='line_1_28' title="bbox 224 3303 1361 3389; baseline 0.003 -23"><span class='ocrx_word' id='word_1_226' title='bbox 224 3321 284 3384; x_wconf 90' lang='lat' dir='ltr'>quo</span> <span class='ocrx_word' id='word_1_227' title='bbox 315 3304 460 3384; x_wconf 89' lang='lat' dir='ltr'>adempto</span> <span class='ocrx_word' id='word_1_228' title='bbox 490 3305 522 3367; x_wconf 96' lang='lat' dir='ltr'>in</span> <span class='ocrx_word' id='word_1_229' title='bbox 553 3307 655 3367; x_wconf 86' lang='lat' dir='ltr'>totum</span> <span class='ocrx_word' id='word_1_230' title='bbox 687 3303 831 3367; x_wconf 86' lang='lat' dir='ltr'>dilabitur</span> <span class='ocrx_word' id='word_1_231' title='bbox 862 3323 898 3367; x_wconf 86' lang='lat' dir='ltr'>ex</span> <span class='ocrx_word' id='word_1_232' title='bbox 929 3322 1065 3387; x_wconf 90' lang='lat' dir='ltr'>corpore.</span> <span class='ocrx_word' id='word_1_233' title='bbox 1110 3304 1156 3368; x_wconf 92' lang='lat' dir='ltr'>ita</span> <span class='ocrx_word' id='word_1_234' title='bbox 1178 3305 1278 3370; x_wconf 88' lang='lat' dir='ltr'>etiam</span> <span class='ocrx_word' id='word_1_235' title='bbox 1300 3307 1361 3389; x_wconf 88' lang='lat' dir='ltr'>ipse</span> 
     </span>
     <span class='ocr_line' id='line_1_29' title="bbox 224 3407 1360 3491; baseline 0.002 -20"><span class='ocrx_word' id='word_1_236' title='bbox 224 3407 359 3472; x_wconf 85' lang='lat' dir='ltr'>Soranus</span> <span class='ocrx_word' id='word_1_237' title='bbox 389 3408 571 3491; x_wconf 88' lang='lat' dir='ltr'>plenissime</span> <span class='ocrx_word' id='word_1_238' title='bbox 602 3426 694 3491; x_wconf 89' lang='lat' dir='ltr'>super</span> <span class='ocrx_word' id='word_1_239' title='bbox 725 3407 831 3471; x_wconf 91' lang='lat' dir='ltr'>anima</span> <span class='ocrx_word' id='word_1_240' title='bbox 861 3411 1090 3473; x_wconf 88' lang='lat' dir='ltr'>commentatus</span> <span class='ocrx_word' id='word_1_241' title='bbox 1116 3413 1255 3490; x_wconf 90' lang='lat' dir='ltr'>quatuor</span> <span class='ocrx_word' id='word_1_242' title='bbox 1278 3412 1360 3474; x_wconf 91' lang='lat' dir='ltr'>uolu-</span> 
     </span>
     <span class='ocr_line' id='line_1_30' title="bbox 224 3512 1359 3598; baseline 0 -22"><span class='ocrx_word' id='word_1_243' title='bbox 224 3512 361 3576; x_wconf 90' lang='lat' dir='ltr'>minibus</span> <span class='ocrx_word' id='word_1_244' title='bbox 393 3516 424 3576; x_wconf 84' lang='grc'>11</span> <span class='ocrx_word' id='word_1_245' title='bbox 454 3531 525 3576; x_wconf 89' lang='lat' dir='ltr'>cum</span> <span class='ocrx_word' id='word_1_246' title='bbox 557 3512 701 3576; x_wconf 90' lang='lat' dir='ltr'>omnibus</span> <span class='ocrx_word' id='word_1_247' title='bbox 731 3512 988 3594; x_wconf 89' lang='lat' dir='ltr'>philosophorum</span> <span class='ocrx_word' id='word_1_248' title='bbox 1019 3512 1185 3577; x_wconf 89' lang='lat' dir='ltr'>sententiis</span> <span class='ocrx_word' id='word_1_249' title='bbox 1223 3519 1359 3598; x_wconf 83' lang='lat' dir='ltr'>expertus</span> 
     </span>
     <span class='ocr_line' id='line_1_31' title="bbox 171 3616 1357 3699; baseline 0.002 -21"><span class='ocrx_word' id='word_1_250' title='bbox 171 3640 198 3678; x_wconf 86' lang='grc'>11</span> <span class='ocrx_word' id='word_1_251' title='bbox 224 3617 415 3699; x_wconf 89' lang='lat' dir='ltr'>corporalem</span> <span class='ocrx_word' id='word_1_252' title='bbox 427 3616 550 3680; x_wconf 89' lang='lat' dir='ltr'>animae</span> <span class='ocrx_word' id='word_1_253' title='bbox 564 3616 775 3680; x_wconf 90' lang='lat' dir='ltr'>substantiam</span> <span class='ocrx_word' id='word_1_254' title='bbox 787 3617 935 3697; x_wconf 90' lang='lat' dir='ltr'>uindicat,</span> <span class='ocrx_word' id='word_1_255' title='bbox 952 3617 1012 3681; x_wconf 90' lang='lat' dir='ltr'>etsi</span> <span class='ocrx_word' id='word_1_256' title='bbox 1025 3617 1113 3681; x_wconf 93' lang='lat' dir='ltr'>illam</span> <span class='ocrx_word' id='word_1_257' title='bbox 1125 3617 1357 3684; x_wconf 87' lang='lat' dir='ltr'>immortalitate</span> 
     </span>
     <span class='ocr_line' id='line_1_32' title="bbox 223 3721 1356 3804; baseline 0.001 -20"><span class='ocrx_word' id='word_1_258' title='bbox 223 3721 390 3785; x_wconf 85' lang='lat' dir='ltr'>iraudauit.</span> <span class='ocrx_word' id='word_1_259' title='bbox 430 3739 491 3785; x_wconf 95' lang='lat' dir='ltr'>non</span> <span class='ocrx_word' id='word_1_260' title='bbox 516 3721 599 3784; x_wconf 92' lang='lat' dir='ltr'>enim</span> <span class='ocrx_word' id='word_1_261' title='bbox 623 3721 764 3784; x_wconf 91' lang='lat' dir='ltr'>omnium</span> <span class='ocrx_word' id='word_1_262' title='bbox 788 3724 836 3785; x_wconf 90' lang='lat' dir='ltr'>est</span> <span class='ocrx_word' id='word_1_263' title='bbox 859 3722 984 3786; x_wconf 85' lang='lat' dir='ltr'>credere</span> <span class='ocrx_word' id='word_1_264' title='bbox 1007 3722 1089 3804; x_wconf 91' lang='lat' dir='ltr'>quod</span> <span class='ocrx_word' id='word_1_265' title='bbox 1113 3721 1356 3789; x_wconf 79' lang='lat' dir='ltr'>Christianorum</span> 
     </span>
    </p>
   </div>
   <div class='ocr_carea' id='block_1_4' title="bbox 174 3928 1356 4419">
    <p class='ocr_par' dir='ltr' id='par_1_6' title="bbox 223 3928 1356 4346">
     <span class='ocr_line' id='line_1_33' title="bbox 269 3928 1356 4000; baseline -0.002 -16"><span class='ocrx_word' id='word_1_266' title='bbox 269 3933 443 3998; x_wconf 88' lang='lat' dir='ltr'>lagnoscam</span> <span class='ocrx_word' id='word_1_267' title='bbox 458 3929 508 3983; x_wconf 83' lang='lat' dir='ltr'>Get</span> <span class='ocrx_word' id='word_1_268' title='bbox 560 3929 614 3980; x_wconf 89' lang='lat' dir='ltr'>iem</span> <span class='ocrx_word' id='word_1_269' title='bbox 632 3944 695 3981; x_wconf 88' lang='lat' dir='ltr'>uero</span> <span class='ocrx_word' id='word_1_270' title='bbox 712 3930 825 3998; x_wconf 79' lang='lat' dir='ltr'>scripsi:</span> <span class='ocrx_word' id='word_1_271' title='bbox 843 3929 978 3982; x_wconf 89' lang='lat' dir='ltr'>enimuero</span> <span class='ocrx_word' id='word_1_272' title='bbox 991 3930 1018 3983; x_wconf 94' lang='grc' dir='ltr'>Β</span> <span class='ocrx_word' id='word_1_273' title='bbox 1071 3928 1238 3998; x_wconf 79' lang='lat' dir='ltr'>5sigillaria</span> <span class='ocrx_word' id='word_1_274' title='bbox 1253 3931 1356 4000; x_wconf 73' lang='lat' dir='ltr'>scripsi:</span> 
     </span>
     <span class='ocr_line' id='line_1_34' title="bbox 224 4015 1355 4084; baseline -0.002 -15"><span class='ocrx_word' id='word_1_275' title='bbox 224 4016 351 4083; x_wconf 88' lang='lat' dir='ltr'>sigillario</span> <span class='ocrx_word' id='word_1_276' title='bbox 369 4019 396 4070; x_wconf 98' lang='grc' dir='ltr'>Β</span> <span class='ocrx_word' id='word_1_277' title='bbox 450 4018 559 4070; x_wconf 85' lang='grc'>6111111</span> <span class='ocrx_word' id='word_1_278' title='bbox 580 4015 794 4069; x_wconf 74' lang='grc'>(1111111111</span> <span class='ocrx_word' id='word_1_279' title='bbox 852 4016 970 4084; x_wconf 85' lang='lat' dir='ltr'>agitante</span> <span class='ocrx_word' id='word_1_280' title='bbox 991 4016 1054 4071; x_wconf 76' lang='lat' dir='ltr'>oet:</span> <span class='ocrx_word' id='word_1_281' title='bbox 1071 4015 1220 4083; x_wconf 89' lang='lat' dir='ltr'>agitantem</span> <span class='ocrx_word' id='word_1_282' title='bbox 1239 4019 1266 4072; x_wconf 95' lang='grc' dir='ltr'>Β</span> <span class='ocrx_word' id='word_1_283' title='bbox 1321 4017 1355 4069; x_wconf 89' lang='lat' dir='ltr'>nis</span> 
     </span>
     <span class='ocr_line' id='line_1_35' title="bbox 223 4101 1354 4171; baseline -0.003 -12"><span class='ocrx_word' id='word_1_284' title='bbox 223 4106 292 4159; x_wconf 87' lang='lat' dir='ltr'>Lot:</span> <span class='ocrx_word' id='word_1_285' title='bbox 310 4104 377 4156; x_wconf 92' lang='lat' dir='ltr'>uisio</span> <span class='ocrx_word' id='word_1_286' title='bbox 396 4105 423 4156; x_wconf 98' lang='grc' dir='ltr'>Β</span> <span class='ocrx_word' id='word_1_287' title='bbox 476 4101 634 4169; x_wconf 88' lang='lat' dir='ltr'>incorporali</span> <span class='ocrx_word' id='word_1_288' title='bbox 655 4102 718 4156; x_wconf 80' lang='lat' dir='ltr'>Get:</span> <span class='ocrx_word' id='word_1_289' title='bbox 735 4102 907 4171; x_wconf 84' lang='lat' dir='ltr'>incorporalis</span> <span class='ocrx_word' id='word_1_290' title='bbox 926 4104 953 4157; x_wconf 96' lang='grc' dir='ltr'>Β</span> <span class='ocrx_word' id='word_1_291' title='bbox 1024 4105 1144 4157; x_wconf 80' lang='grc'>9111111</span> <span class='ocrx_word' id='word_1_292' title='bbox 1164 4103 1354 4160; x_wconf 72' lang='grc'>1111111111</span> 
     </span>
     <span class='ocr_line' id='line_1_36' title="bbox 225 4189 1353 4254; baseline -0.004 -8"><span class='ocrx_word' id='word_1_293' title='bbox 225 4195 257 4253; x_wconf 77' lang='grc'>111</span> <span class='ocrx_word' id='word_1_294' title='bbox 276 4194 356 4254; x_wconf 87' lang='lat' dir='ltr'>tactu,</span> <span class='ocrx_word' id='word_1_295' title='bbox 376 4194 406 4243; x_wconf 91' lang='lat' dir='ltr'>ut</span> <span class='ocrx_word' id='word_1_296' title='bbox 424 4190 484 4242; x_wconf 91' lang='lat' dir='ltr'>uisu</span> <span class='ocrx_word' id='word_1_297' title='bbox 503 4191 553 4244; x_wconf 79' lang='lat' dir='ltr'>Urs</span> <span class='ocrx_word' id='word_1_298' title='bbox 605 4192 638 4243; x_wconf 82' lang='lat'>22</span> <span class='ocrx_word' id='word_1_299' title='bbox 658 4189 692 4242; x_wconf 88' lang='lat' dir='ltr'>ali</span> <span class='ocrx_word' id='word_1_300' title='bbox 711 4190 831 4243; x_wconf 89' lang='lat' dir='ltr'>iudicant</span> <span class='ocrx_word' id='word_1_301' title='bbox 851 4190 915 4245; x_wconf 79' lang='lat' dir='ltr'>oea·</span> <span class='ocrx_word' id='word_1_302' title='bbox 932 4189 1088 4243; x_wconf 85' lang='lat' dir='ltr'>adiudicant</span> <span class='ocrx_word' id='word_1_303' title='bbox 1105 4191 1133 4245; x_wconf 94' lang='grc' dir='ltr'>Β</span> <span class='ocrx_word' id='word_1_304' title='bbox 1186 4190 1353 4246; x_wconf 74' lang='grc'>2611111111-</span> 
     </span>
     <span class='ocr_line' id='line_1_37' title="bbox 223 4276 1353 4346; baseline -0.002 -17"><span class='ocrx_word' id='word_1_305' title='bbox 223 4281 276 4331; x_wconf 86' lang='lat' dir='ltr'>tem</span> <span class='ocrx_word' id='word_1_306' title='bbox 296 4295 352 4330; x_wconf 87' lang='lat' dir='ltr'>eam</span> <span class='ocrx_word' id='word_1_307' title='bbox 377 4281 441 4332; x_wconf 83' lang='lat' dir='ltr'>Urs:</span> <span class='ocrx_word' id='word_1_308' title='bbox 464 4276 601 4329; x_wconf 90' lang='lat' dir='ltr'>deficiente</span> <span class='ocrx_word' id='word_1_309' title='bbox 620 4277 647 4328; x_wconf 92' lang='lat' dir='ltr'>in</span> <span class='ocrx_word' id='word_1_310' title='bbox 666 4293 696 4328; x_wconf 91' lang='lat' dir='ltr'>ea</span> <span class='ocrx_word' id='word_1_311' title='bbox 714 4279 749 4346; x_wconf 90' lang='lat' dir='ltr'>B,</span> <span class='ocrx_word' id='word_1_312' title='bbox 769 4278 934 4330; x_wconf 87' lang='lat' dir='ltr'>deficientem</span> <span class='ocrx_word' id='word_1_313' title='bbox 953 4293 967 4329; x_wconf 85' lang='lat' dir='ltr'>a</span> <span class='ocrx_word' id='word_1_314' title='bbox 988 4278 1038 4332; x_wconf 85' lang='lat' dir='ltr'>Get</span> <span class='ocrx_word' id='word_1_315' title='bbox 1099 4279 1132 4332; x_wconf 81' lang='lat'>27</span> <span class='ocrx_word' id='word_1_316' title='bbox 1151 4278 1236 4332; x_wconf 87' lang='lat' dir='ltr'>etiam</span> <span class='ocrx_word' id='word_1_317' title='bbox 1257 4278 1353 4334; x_wconf 72' lang='grc'>(11111</span> 
     </span>
    </p>

    <p class='ocr_par' dir='ltr' id='par_1_7' title="bbox 174 4363 826 4419">
     <span class='ocr_line' id='line_1_38' title="bbox 174 4363 826 4419; baseline 0.003 -2"><span class='ocrx_word' id='word_1_318' title='bbox 174 4404 176 4409; x_wconf 87' lang='lat'>.</span> <span class='ocrx_word' id='word_1_319' title='bbox 224 4381 256 4417; x_wconf 85' lang='lat' dir='ltr'>ne</span> <span class='ocrx_word' id='word_1_320' title='bbox 274 4366 301 4418; x_wconf 92' lang='grc' dir='ltr'>Β</span> <span class='ocrx_word' id='word_1_321' title='bbox 355 4368 386 4419; x_wconf 73' lang='grc'>31</span> <span class='ocrx_word' id='word_1_322' title='bbox 406 4363 543 4417; x_wconf 84' lang='lat' dir='ltr'>fraudauit</span> <span class='ocrx_word' id='word_1_323' title='bbox 563 4365 626 4419; x_wconf 84' lang='lat' dir='ltr'>Gcl:</span> <span class='ocrx_word' id='word_1_324' title='bbox 644 4363 781 4418; x_wconf 89' lang='lat' dir='ltr'>fraudabit</span> <span class='ocrx_word' id='word_1_325' title='bbox 799 4367 826 4419; x_wconf 93' lang='grc' dir='ltr'>Β</span> 
     </span>
    </p>
   </div>
   <div class='ocr_carea' id='block_1_5' title="bbox 0 0 1415 4914">
    <p class='ocr_par' dir='ltr' id='par_1_8' title="bbox 0 0 1415 4914">
     <span class='ocr_line' id='line_1_39' title="bbox 0 0 1415 4914; baseline 0 0"><span class='ocrx_word' id='word_1_326' title='bbox 0 0 1415 4914; x_wconf 95' lang='lat' dir='ltr'> </span> 
     </span>
    </p>
   </div>
  </div>
 </body>
</html>
