2820 4914
413 394 450 450 Π.
468 394 512 448 Ι)ε
531 393 728 449 idololatria
747 396 859 471 20-22.
1160 395 1202 460 55

63 575 127 652 est,
150 575 205 636 aut
227 570 327 636 amica
349 574 403 635 eut
425 571 552 635 inimica
574 571 791 654 congressione
807 570 982 655 adstringit.
1025 571 1052 634 si
1065 571 1202 653 inimica,

61 677 133 740 iam
154 677 193 740 ad
214 694 354 760 pugnam
376 675 497 740 uocaris
514 679 545 740 et
561 675 621 739 scis
638 675 696 740 tibi
712 676 923 740 dimicandum
940 694 1022 740 esse:
1047 676 1075 740 si
1091 676 1201 757 amice,

64 785 184 863 quanto
208 781 345 845 securius
369 781 402 845 in
425 780 585 844 dominum
607 780 778 845 transferes
809 781 1009 863 sponsionem
1039 784 1137 862 tuam,
1168 785 1203 845 ut

66 885 222 949 dissoluas
249 885 473 968 obligationem
500 884 577 965 eiuS,
605 904 660 967 ρετ
683 904 775 967 quem
798 888 828 948 te
851 885 952 948 malus
975 885 1084 949 honori
1106 885 1202 950 idolo·

65 1009 138 1054 rum
160 989 191 1052 id
214 992 262 1054 est
290 989 480 1053 idololatriae
508 990 679 1072 quaerebat
705 992 878 1053 annectere.
924 990 1024 1053 omnis
1051 989 1203 1072 patientia
1242 1017 1255 1057 s

66 1093 219 1158 eiusmodi
241 1094 423 1159 idololatria.
462 1095 595 1158 honoras
620 1113 682 1175 eos,
706 1094 817 1176 quibus
840 1094 995 1176 impositis
1018 1092 1202 1176 obsequium

65 1198 262 1281 praestitisti.
309 1199 371 1263 scio
394 1199 561 1280 quendam,
588 1199 639 1262 cui
662 1199 805 1263 dominus
829 1199 980 1283 ignoscat,
1008 1217 1079 1262 cum
1101 1199 1147 1263 illi
1169 1201 1202 1264 in

65 1302 191 1385 pubhco
213 1321 268 1384 per
290 1303 380 1367 litem
402 1302 521 1368 dietum
545 1307 642 1367 esset:
665 1303 784 1386 Iupiter
806 1303 865 1367 tibi
887 1304 929 1367 sit
942 1303 1051 1384 iratus,
1074 1322 1202 1386 respou-

66 1407 165 1470 disse:
199 1407 296 1470 immo
326 1406 392 1471 tibi.
439 1407 512 1489 quid
542 1407 630 1472 aliter
661 1407 789 1472 fecisset
819 1408 975 1488 ethnicuS,
1010 1407 1063 1489 qui
1093 1407 1201 1472 Iouem

66 1510 161 1574 deum
177 1510 325 1575 credidit?
350 1512 555 1576 etiamsinon
577 1531 633 1594 ρετ
656 1512 789 1576 eundem
805 1511 984 1576 retorsisset
999 1511 1202 1576 maledictum
1229 1538 1254 1578 ιο

65 1633 123 1679 nec
159 1634 215 1696 per
246 1616 346 1680 ullum
378 1616 462 1680 Iouis
496 1616 646 1697 similem,
686 1616 924 1680 confirmauerat
956 1615 1066 1680 Iouem
1098 1616 1201 1698 deum,

65 1738 122 1802 per
152 1738 247 1801 quem
277 1739 310 1784 se
340 1721 540 1784 maledictum
570 1721 697 1805 indigne
727 1720 837 1784 tulisse
861 1721 1132 1785 demonstrauerat
1154 1741 1202 1802 re-

65 1824 266 1888 maledicens.
304 1825 343 1888 ad
366 1826 439 1906 quid
461 1825 542 1888 enim
560 1825 729 1909 indigneris
745 1845 801 1907 ρετ
817 1843 899 1905 eum,
923 1843 1017 1906 quem
1041 1825 1101 1888 scis
1125 1826 1203 1889 nihil

65 1930 157 1992 esse?
191 1947 265 1992 nam
288 1929 315 1992 si
336 1930 464 2010 ins-auis,
495 1930 560 1994 iam
583 1948 651 1994 esse
674 1929 850 2010 confirmas,
882 1932 912 1993 et
943 1930 1001 1992 erit
1028 1926 1203 1993 idololatria

63 2032 217 2115 professio
241 2033 362 2097 timoris
385 2034 444 2098 tui:
481 2036 596 2116 quanto
619 2034 731 2118 magis,
759 2052 830 2097 cum
858 2034 1043 2118 peripsum
1070 2035 1203 2098 remale·
1230 2057 1255 2097 rs

64 2137 153 2217 dicis,
189 2137 297 2201 eodem
323 2137 407 2202 louis
437 2139 587 2202 honorem
617 2138 704 2218 facis,
738 2155 798 2219 quo
829 2141 861 2201 et
890 2138 953 2218 ille,
989 2137 1041 2219 qui
1070 2141 1101 2201 te
1132 2156 1203 2220 ρτο-

64 2242 212 2305 uocauit?
240 2240 340 2306 fidelis
364 2242 525 2306 autemid
549 2243 699 2306 eiusmodi
722 2241 821 2306 ridere
845 2241 947 2322 debet,
970 2259 1033 2305 non
1056 2242 1203 2324 insanire,

61 2350 172 2426 immo,
205 2346 376 2410 secuudum
406 2350 618 2430 praeceptum,
646 2366 685 2410 ne
715 2366 771 2430 ρετ
801 2347 894 2410 deum
923 2346 1048 2429 quidem
1071 2348 1203 2412 remale-

63 2452 177 2532 dicere,
201 2451 256 2514 sed
274 2452 366 2532 plane
382 2451 563 2516 benedicere
586 2471 641 2534 per
664 2451 767 2532 deum,
791 2454 826 2515 ut
849 2455 880 2515 et
901 2451 984 2515 idola
1006 2451 1147 2516 destruas
1172 2454 1203 2516 et

63 2557 159 2620 deum
182 2556 341 2638 praedices
365 2559 396 2620 et
419 2556 589 2638 adimpleas
614 2556 818 2637 disciplinam.
1228 2579 1254 2619 ro

107 2658 159 2724 22.
183 2659 292 2742 Aeque
315 2659 457 2724 benedici
479 2680 534 2743 per
558 2661 630 2724 deos
654 2660 818 2724 nationum
834 2658 955 2725 Christo
978 2659 1119 2724 initiatus
1139 2677 1202 2724 non

62 2764 242 2846 sustinebit,
266 2768 301 2829 ut
323 2783 385 2829 non
408 2784 531 2846 semper
554 2765 661 2829 reiciat
683 2765 879 2829 immundam
900 2764 1151 2828 benedictionem
1172 2767 1204 2827 et

63 2888 136 2934 eam
167 2869 227 2933 sibi
255 2870 289 2933 in
320 2869 413 2933 deum
444 2872 629 2933 conuertens
660 2869 816 2933 emundet.
871 2868 1013 2933 benedici
1043 2887 1098 2950 ρετ
1129 2867 1202 2932 deos

61 2975 227 3040 nationum
250 2975 393 3038 maledici
416 2977 465 3038 est
486 2994 542 3057 ρετ
565 2974 667 3037 deum.
715 2974 741 3037 si
764 2974 815 3036 oui
836 2974 947 3037 dedero
971 2974 1203 3056 eleemosynam

62 3079 116 3143 uel
146 3079 263 3160 aliquid
284 3079 466 3160 praestitero
497 3077 649 3159 beneficii,
684 3080 716 3142 et
749 3078 801 3142 ille
835 3077 924 3141 mihi
944 3078 1016 3142 deos
1048 3094 1120 3141 suos
1151 3078 1202 3141 uel
1229 3100 1254 3142 as
1360 3086 1362 3091 ’

63 3183 203 3248 coloniae
233 3184 360 3267 genium
389 3183 540 3267 propitios
571 3183 773 3266 imprecetur,
811 3182 874 3245 iam
904 3181 1020 3246 oblatio
1051 3199 1122 3245 mea
1151 3182 1202 3246 uel

64 3289 204 3372 operatio
231 3288 384 3352 idolomm
410 3288 508 3351 honor
536 3288 603 3368 erit,
631 3306 686 3369 ρετ
713 3305 792 3369 quae
819 3286 1044 3350 benedictionis
1067 3286 1202 3369 gratiam

63 3395 257 3474 compensat.
302 3410 356 3456 our
379 3395 571 3472 autemnon
594 3391 672 3455 sciat
694 3410 744 3454 me
769 3391 819 3455 dei
841 3408 936 3454 eausa
957 3390 1080 3471 fecisse,
1107 3393 1141 3454 ut
1171 3392 1202 3454 et

62 3500 141 3563 deus
163 3497 265 3579 potius
289 3496 477 3580 glorificetur
500 3499 531 3560 et
553 3495 716 3560 daemonia
738 3513 800 3559 non
816 3496 1005 3559 honorentur
1020 3496 1052 3558 iu
1069 3512 1104 3558 eo
1120 3495 1202 3576 quod

61 3604 192 3686 propter
215 3600 313 3664 deum
329 3601 412 3666 feei?
436 3600 463 3664 si
486 3601 561 3664 deus
584 3600 681 3680 uidet,
705 3599 853 3682 quoniam
869 3602 995 3682 propter
1010 3599 1115 3681 ipsum
1130 3598 1200 3679 feci,
1227 3624 1253 3664 eo

110 3741 169 3794 lte
187 3736 331 3807 adstringIt
347 3738 405 3793 Lot
466 3738 696 3807 3responsionem
718 3737 768 3792 Gel
824 3735 932 3792 9aliud
949 3736 1006 3790 Lot
1063 3737 1093 3790 11
1114 3734 1200 3789 ullum

64 3827 130 3882 Gel:
147 3824 224 3879 illum
243 3826 270 3880 Β
323 3828 355 3881 13
372 3841 419 3894 ρετ
438 3840 498 3878 cum
516 3823 673 3878 maledictus
691 3825 742 3880 Ure
796 3826 828 3879 14
846 3822 946 3876 insanis
966 3822 1029 3878 cet:
1045 3821 1155 3875 insanus
1173 3823 1200 3877 Β

61 3911 215 3967 idololatria
237 3912 306 3966 Lot:
329 3910 495 3965 idololatriae
520 3912 547 3966 Β
631 3913 663 3966 16
685 3910 745 3964 Ioui
773 3911 832 3979 Urs,
857 3909 922 3965 θεαὶ
1005 3910 1038 3964 18
1060 3907 1199 3961 remaledi-

63 4016 122 4054 cere
147 4001 210 4056 Gel:
232 4001 259 4052 et
281 3998 437 4052 maledicere
459 3999 486 4053 Β
550 3999 583 4053 21
606 4013 653 4067 ρετ
671 3997 736 4052 odd.
756 3997 807 4052 Gal
871 3994 977 4051 Christo
995 3994 1117 4048 initiatus
1137 3995 1200 4049 cet.-

62 4087 202 4143 Christum
221 4085 380 4140 Sationistus
397 4086 426 4140 ’Β
478 4086 512 4140 22
530 4099 583 4137 non
601 4085 650 4138 del¹
664 4085 735 4139 Pom
787 4085 821 4138 24
840 4083 883 4137 cui
901 4082 964 4137 odd.
983 4083 1034 4137 Urs
1087 4083 1121 4137 26
1138 4096 1199 4148 ρτο-

61 4174 147 4245 picios
164 4175 192 4229 B
248 4175 281 4229 27
299 4189 346 4242 ρετ
364 4188 430 4241 quae
448 4173 484 4241 B,
502 4187 581 4241 quem
597 4187 645 4240 per
662 4175 726 4240 fort.
779 4173 813 4226 28
826 4172 980 4238 compensat
996 4169 1059 4224 Ure:
1077 4183 1199 4235 compen-

62 4262 164 4316 santB
217 4262 251 4316 29
268 4259 431 4313 honorentur
452 4259 514 4314 Gel:
530 4258 694 4311 honorantur
711 4259 738 4313 Β
794 4259 828 4312 30
847 4255 917 4310 feci?
937 4254 964 4309 Si
984 4254 1047 4308 deus
1064 4254 1198 4325 Oehlerae,

62 4349 157 4406 fecisse
176 4347 241 4403 deus
259 4349 295 4419 B,
313 4346 371 4403 ieci.
390 4347 462 4402 Deus
482 4346 540 4416 Get,
565 4344 634 4401 feci?
653 4344 705 4399 Sed
723 4343 789 4399 deus
813 4345 864 4402 Urs
