2828 4936
381 363 431 419 111.
451 363 497 418 Ad
517 364 665 416 nationes
684 362 737 415 lib.
751 363 780 416 ΙΙ
799 368 874 420 5-6.
937 320 941 328 Ι
1139 365 1200 430 105

56 541 278 607 obseruatione
301 541 516 604 condicionum
540 558 667 603 suarum
691 543 721 604 et
745 539 805 604 fide
829 558 958 623 operum
982 545 1012 605 et
1034 540 1199 627 instantial

56 647 301 730 ,curriculorum
324 649 356 709 et
378 664 451 709 cura
474 640 725 709 demutationum
749 648 780 709 et
803 646 954 710 memoria
983 648 1201 730 reciprocatio-

57 772 146 832 num,
175 751 313 833 aliquam
336 749 597 835 dol,minationopn
620 751 680 814 sibi
702 769 847 834 praeesse
870 753 1078 835 persuadeant
1101 754 1199 835 uotis,

57 857 107 920 cui
139 874 288 939 apparere
321 855 463 919 uideatur
490 853 495 938 Ι
521 855 678 940 ,uniuersa
700 856 878 940 negotiatio
901 857 1067 921 mundialis
1090 878 1199 941 perue-

57 963 147 1026 niens
172 960 211 1024 ad
233 960 363 1024 humani
385 960 507 1044 generis
530 960 698 1024 utilitatem
718 958 722 1044 l
741 963 784 1046 ,et
805 961 1008 1046 laesionem?
1031 980 1093 1026 non
1117 964 1200 1027 enim
1240 990 1252 1028 1

10 1076 39 1130 15
56 1069 146 1150 potes
170 1065 271 1129 dicere
295 1083 332 1128 ea
355 1064 416 1129 sibi
439 1083 530 1148 agere
552 1066 614 1129 ista
637 1083 672 1128 ac
695 1065 755 1129 sibi
779 1084 886 1129 curare
913 1063 921 1151 ll
952 1085 1009 1130 neo
1032 1067 1199 1149 quicquam

56 1171 222 1236 hominum
244 1188 339 1234 causa
361 1170 534 1253 disponere,
566 1189 637 1233 cum
669 1174 833 1253 propterea
856 1172 1003 1235 defendas
1028 1171 1199 1256 elelmentis

57 1277 255 1341 diuinitatem
279 1275 359 1358 quod
382 1275 421 1339 ab
445 1276 505 1339 illis
530 1278 584 1339 aut
606 1276 706 1339 iuuari
728 1279 759 1339 te
783 1280 837 1340 aut
858 1276 940 1340 laedi
963 1277 1089 1341 sentias
1126 1295 1199 1341 nam

57 1382 83 1446 si
107 1381 169 1445 sibi
189 1378 193 1465 Ι
213 1383 384 1464 praestant,
408 1381 485 1444 nihil
509 1381 553 1444 eis
577 1380 680 1445 debes.

101 1485 132 1548 6.
156 1484 225 1569 Age
247 1486 321 1565 iam,
345 1485 554 1550 conceditisne
577 1485 773 1549 diuinitatem
797 1504 858 1549 non
881 1487 972 1549 modo
994 1483 998 1570 l
1018 1504 1079 1550 non
1103 1489 1200 1551 serui·
1227 1514 1252 1552 10

55 1591 129 1655 liter
160 1609 291 1669 currere,
323 1589 378 1653 sed
407 1590 549 1672 inprimis
579 1591 700 1673 integre
732 1593 814 1653 stare
845 1610 944 1672 neque
971 1580 1200 1673 minuinequo

57 1694 203 1776 intercipi
227 1693 231 1777 Ι
256 1713 355 1776 neque
378 1695 534 1778 corrumpi
557 1694 690 1758 debere?
743 1698 881 1758 ceterum
905 1694 983 1759 abiit
1006 1696 1107 1760 omnis
1130 1697 1200 1760 feli-

58 1800 138 1863 citas
171 1799 250 1879 eius,
282 1799 309 1862 si
339 1799 412 1881 quid
443 1797 568 1884 patiltur
599 1817 759 1880 umquam.
817 1818 887 1863 ecce
918 1803 1024 1864 autern
1056 1804 1086 1864 et
1117 1804 1200 1865 astra

56 1902 249 1969 intercidunt
272 1905 303 1967 et
325 1903 519 1967 intercidisse
543 1922 576 1967 se
599 1906 796 1968 attestantur.
833 1903 837 1985 l
872 1903 1038 1968 confitetur
1060 1908 1092 1969 et
1114 1906 1199 1986 luna,

57 2011 212 2092 quantum
234 2008 384 2088 amiserit,
408 2027 480 2071 cum
503 2008 643 2072 resumit.
689 2009 753 2072 iam
773 2010 891 2073 maiora
907 2009 971 2072 eius
988 2007 1200 2095 detrimenta
1228 2035 1253 2074 15

58 2113 166 2178 soletis
190 2113 223 2176 in
246 2131 344 2195 aquae
368 2113 494 2196 speculo
516 2113 720 2193 considerare,
750 2117 784 2177 ut
811 2113 889 2177 nihil
917 2114 1051 2196 amplius
1079 2115 1144 2178 ulla
1166 2114 1199 2178 in

57 2220 168 2303 parte,
198 2215 202 2301 Ι
234 2217 357 2281 credam
388 2217 469 2299 quod
499 2217 583 2300 magi
613 2220 736 2281 norunt.
803 2218 870 2300 ipse
901 2219 994 2282 ctiam
1029 2219 1075 2282 sol
1108 2237 1200 2303 saepe

59 2322 233 2386 defectione
257 2320 438 2406 temptaltus
462 2325 518 2386 cst.
549 2321 658 2406 fingite
682 2321 840 2403 quaslibet
859 2323 994 2386 rationes
1018 2324 1200 2387 caelestium

58 2445 204 2507 casuum,
236 2444 300 2490 non
325 2425 437 2512 ,uoplet
464 2427 540 2490 deus
570 2429 624 2490 aut
651 2427 751 2490 minor
778 2426 845 2489 fieri
871 2431 925 2491 aut
953 2446 1020 2490 esse
1049 2429 1198 2492 desinere.

58 2532 196 2596 uiderint
217 2530 313 2615 igitur
334 2530 508 2617 hu,ma,lnaa
532 2532 690 2595 doctrinae
713 2532 885 2614 patrocinia
908 2550 987 2613 quae
1008 2534 1199 2597 coniectandi
1227 2559 1252 2596 20

58 2635 188 2700 artificio
219 2636 405 2719 sapientiam
435 2637 649 2722 mentiuntur,
679 2634 682 2720 l
714 2640 745 2700 ot
778 2636 951 2713 ueritatem.
1020 2656 1094 2701 nam
1124 2638 1200 2702 allas

58 2745 173 2806 natura
208 2740 252 2804 sic
286 2743 348 2821 est,
382 2745 418 2805 ut
451 2742 504 2823 qui
536 2742 647 2805 melius
678 2742 804 2822 dixerit,
837 2741 887 2804 hic
921 2742 1034 2826 uer,ius
1069 2740 1199 2827 diluisse

58 2846 214 2926 uideatur,
238 2863 300 2909 non
316 2846 369 2927 qui
384 2847 498 2926 ueriuS,
521 2847 548 2910 is
572 2846 694 2910 melius·
736 2849 875 2910 ceterum
898 2847 947 2910 cui
970 2866 1019 2910 res
1043 2847 1200 2910 examina-

56 2950 197 3037 ,bitur„l
228 2950 427 3014 uerisimilius
451 2951 558 3032 utique
582 2952 663 3014 dicet
687 2952 841 3014 clementa
863 2952 924 3014 ista
947 2951 984 3015 ab
1010 2952 1112 3033 aliquo
1135 2953 1202 3036 regi

58 3074 154 3138 quam
177 3055 259 3118 ultro
283 3055 423 3139 cadara:
445 3052 449 3139 l
468 3056 564 3138 igitur
587 3073 649 3119 non
673 3056 745 3119 deos
770 3073 848 3136 quae
872 3055 929 3118 sub
958 3056 1071 3137 aliquo.
1119 3057 1200 3120 atsi
1227 3079 1253 3120 25

102 3279 332 3336 2curriculorum
353 3280 437 3336 Gora:
457 3323 643 3334 ..........
663 3284 690 3336 A
766 3285 792 3334 et
806 3284 943 3350 posterius
961 3283 1060 3337 addidi
1135 3285 1200 3336 reci-

57 3368 245 3438 procationum
263 3369 374 3436 scripsi:
392 3367 614 3436 reciprocatorum
632 3370 660 3422 A
717 3372 733 3424 3
753 3368 961 3422 dominationem
983 3370 1068 3425 Goth:
1087 3370 1120 3423 do
1134 3415 1139 3424 .
1155 3414 1159 3424 .
1175 3414 1200 3424 ..

59 3499 147 3511 .....
160 3471 189 3508 m
207 3457 243 3523 A,
262 3454 454 3510 do........
475 3455 552 3522 Bau,
572 3455 659 3510 Halo*
704 3457 865 3510 ‹luninersa
883 3457 1029 3525 negotiatio
1051 3458 1135 3513 Gora:
1154 3502 1158 3511 .
1175 3501 1199 3511 ..

59 3584 187 3598 .......
202 3541 294 3597 otiatio
312 3542 347 3609 A,
372 3584 497 3596 .......
517 3542 662 3610 negotiatio
684 3543 768 3598 Goth*
838 3547 853 3597 5
872 3546 899 3597 et
925 3543 1069 3597 laesionem
1092 3546 1200 3599 Horaer-

59 3630 198 3699 ccmpa‘aa:
217 3670 381 3683 .........
395 3645 456 3682 nem
475 3630 510 3697 A,
532 3633 560 3682 ot
579 3672 663 3684 .....
678 3646 738 3683 nem
760 3630 853 3693 Germ,
875 3633 901 3683 et
921 3673 1087 3685 .........
1106 3632 1199 3700 Halm,

60 3733 104 3770 seu
123 3715 302 3770 accessionem
316 3716 397 3785 Geta,
416 3719 442 3770 et
460 3715 621 3770 collisionem
639 3718 720 3784 Hild,
739 3720 785 3770 aut
802 3717 945 3771 laesionem
963 3721 1026 3786 fort.
1080 3721 1095 3773 8
1114 3719 1200 3771 iuuari
1231 3708 1233 3712 ⁸

62 3803 146 3858 Gora:
168 3801 273 3856 turbari
295 3803 322 3856 A
375 3803 436 3858 9si
458 3804 522 3857 add.
544 3804 614 3858 Goth
678 3807 708 3858 15
733 3803 893 3857 detrimenta
914 3805 985 3860 Goth
1049 3808 1080 3860 16
1099 3805 1154 3858 ulla
1172 3806 1200 3858 in

60 3894 133 3959 parto
149 3889 235 3945 Goth:
253 3888 336 3942 ullam
354 3891 499 3958 p..,.A,
517 3890 600 3944 ullam
621 3891 807 3947 .,....G0to*
862 3895 893 3946 17
912 3892 984 3959 magi
1002 3893 1198 3948 noruutGotlu:

62 3978 230 4046 maginorum
248 3977 275 4030 A
330 3979 362 4033 18
380 3976 491 4046 fingitac
509 3980 536 4032 A
590 3978 721 4046 quaslibet
742 3979 827 4033 Goth:
845 3978 963 4046 qualibet
981 3982 1008 4033 A
1077 3981 1108 4033 19
1127 3978 1200 4031 uolet

65 4063 132 4120 cort
204 4066 237 4118 20
260 4063 378 4117 uiderint
403 4066 487 4120 coru:
509 4064 595 4118 uideri
619 4068 646 4119 A
718 4065 849 4118 humanae
875 4067 961 4121 Gotlr:
982 4067 1019 4118 hu
1039 4109 1044 4118 .
1066 4108 1070 4118 .
1093 4108 1097 4118 ‚
1118 4081 1150 4117 ne
1173 4066 1199 4118 A

64 4152 92 4204 21
112 4150 280 4204 mentiuntur
299 4151 383 4206 Goth:
401 4167 461 4204 men
475 4195 480 4205 .
496 4195 500 4205 .
516 4194 541 4205 ..
560 4154 595 4218 A,
615 4168 675 4204 men
690 4195 816 4206 .......
843 4153 926 4208 Goth*
997 4155 1030 4207 22
1053 4152 1140 4204 uerius
1160 4151 1199 4204 di-

66 4236 126 4291 xisse
147 4238 219 4294 Gora
282 4239 317 4293 23
336 4237 529 4292 examinabitur
549 4239 621 4293 Gora
682 4242 714 4294 25
735 4239 826 4293 cadere
847 4241 933 4296 Goth:
951 4256 981 4293 ca
994 4283 999 4292 .
1014 4283 1038 4293 ..
1058 4241 1093 4308 A,
1113 4281 1197 4293 .....

69 4322 154 4392 coru,
173 4324 267 4391 Haza,
285 4325 387 4379 moueri
409 4325 534 4382 Ochlcrus
