2820 4914
161 413 225 476 260
393 411 507 478 Quinti
526 413 662 481 Septimi
681 411 849 466 l'loreutis
867 411 1068 466 Tertulliani

161 588 308 651 misceri
324 588 633 666 fornicatoribus,
647 605 716 651 non
733 588 862 669 utique
878 586 1173 651 fornicatoribus
1189 587 1293 650 hui11
1315 603 1328 646 ε

161 692 303 771 mundi,
320 692 495 772 etreliqua.
518 695 685 756 ceterum
700 692 897 774 oportebat
913 709 977 755 uos
991 691 1090 754 exire
1104 691 1323 754 demendo.

161 815 257 859 nunc
281 800 402 859 antem
426 795 548 859 scribo
571 796 692 876 uobis,
723 796 754 858 si
777 796 860 876 quis
883 796 1001 859 frater
1025 796 1234 859 nominatur
1258 795 1314 858 in

161 901 266 964 uobis
290 901 498 964 fornicator
521 904 585 964 aut
607 901 829 964 idololatres
852 899 939 981 (quid
962 900 1047 963 enirn
1069 903 1139 963 tam
1158 902 1304 963 coniunc-

123 1030 136 1068 s
161 1005 264 1087 tum?)
282 1008 345 1068 aut
360 1005 555 1068 fraudator
571 1004 658 1086 (quid
676 1005 759 1067 enim
775 1008 842 1067 tam
865 1004 1111 1086 propinquumf)
1136 1008 1168 1067 et
1190 1007 1292 1084 cetera,

152 1127 242 1172 -cum
270 1109 411 1173 talibus
440 1128 483 1171 ne
511 1109 632 1173 cibum
659 1109 806 1190 quidem
835 1127 993 1188 sumere,
1024 1108 1142 1172 nedum
1164 1108 1288 1171 euchari-

162 1214 269 1287 stiam;
294 1214 440 1294 quoniam
460 1214 579 1278 scilicet
599 1217 630 1276 et
649 1214 874 1276 fermentum
899 1213 1084 1276 modicum
1108 1215 1222 1276 totam
1243 1212 1283 1274 de-

162 1318 253 1400 sipit
275 1318 588 1400 conspersionem.
624 1318 699 1381 item
715 1317 754 1381 ad
770 1317 984 1381 Timotheum:
1007 1334 1141 1381 manus
1163 1315 1280 1379 nemini

161 1423 236 1485 cito
259 1423 427 1505 imponas
451 1441 568 1504 neque
591 1422 841 1486 communices
865 1421 1016 1485 delictis
1041 1421 1188 1485 alienis.
1225 1421 1279 1484 iton

112 1550 135 1588 ro
162 1526 201 1588 ad
224 1525 389 1607 Ephesios:
421 1527 537 1589 nolite
561 1544 647 1609 ergo
670 1525 874 1609 participes
899 1544 979 1588 esse
1003 1542 1145 1599 eorum3
1174 1523 1279 1587 fuistis

163 1630 260 1694 enim
284 1630 485 1711 aliquando
509 1629 695 1693 tenebrae.
732 1634 763 1693 et
778 1630 879 1693 adhuc
894 1629 1048 1711 pressius:
1073 1630 1192 1693 nolite
1210 1645 1280 1692 con-

163 1735 352 1797 municare
380 1735 555 1817 operibus
579 1735 827 1798 infructuosis
850 1734 1106 1814 tenebrarum,
1136 1735 1239 1797 immo
1255 1733 1281 1793 et

162 1839 345 1902 reuincite
369 1857 417 1902 ea.
454 1857 545 1920 quae
569 1839 665 1902 enim
689 1839 724 1902 in
748 1839 893 1902 occulto
917 1838 960 1902 ab
984 1838 1037 1903 eis
1060 1838 1174 1918 fiunt,
1196 1842 1280 1918 turpe

163 1945 219 2005 est
242 1942 396 2006 edicere.
431 1943 504 2023 quid
526 1943 648 2025 turpius
671 1943 894 2024 impudicitiis?
929 1942 956 2005 si
972 1945 1080 2028 autem
1102 1946 1134 2006 et
1153 1941 1191 2006 ab
1206 1941 1281 2006 otiose

112 2072 136 2110 rs
163 2046 326 2110 incedente
356 2047 451 2110 fratre
479 2048 643 2110 denuntiat
665 2047 797 2111 subduci
819 2045 1165 2126 Thessalonicensibus
1189 2047 1282 2127 quanto
1326 2130 1328 2139 Ι

163 2150 264 2233 magis
296 2153 327 2214 et
359 2169 377 2214 a
407 2151 613 2214 fornicatore?
658 2151 735 2214 haec
765 2151 848 2214 enim
878 2151 1056 2215 consultata
1088 2154 1165 2214 sunt
1191 2147 1286 2214 Christi

163 2255 327 2317 ecclesiam
351 2255 519 2338 dngentis,
543 2255 596 2336 qui
619 2273 651 2317 se
674 2272 729 2337 pro
753 2272 790 2318 ea
812 2254 949 2334 tradidit,
972 2255 1018 2318 uti
1040 2273 1112 2318 eam
1132 2252 1287 2318 sanctificet

164 2359 337 2421 emundans
361 2359 484 2422 lauacro
508 2376 605 2439 aquae
628 2359 660 2421 in
683 2357 779 2422 uerbo
803 2362 834 2422 et
857 2359 949 2422 sistat
971 2358 1032 2422 sibi
1056 2359 1221 2423 ecclesiam
1234 2357 1288 2440 glo-

164 2463 278 2525 riosam
306 2481 368 2526 non
394 2462 563 2526 habentem
593 2463 750 2526 maculam
781 2465 835 2526 aut
865 2480 991 2545 rugam,
1023 2463 1131 2544 utique
1161 2467 1229 2546 post
1253 2462 1289 2524 la·

110 2593 136 2632 ro
163 2584 306 2645 nactum,
339 2568 392 2629 sed
417 2567 459 2630 sit
481 2571 589 2630 sancta
612 2570 643 2631 et
666 2567 732 2631 siue
755 2565 934 2649 opprobrio,
966 2566 1075 2631 exinde
1099 2567 1217 2631 scilicet
1237 2566 1291 2630 sine

163 2688 242 2753 ruga
264 2671 431 2734 uetustatis
455 2674 491 2734 ut
513 2671 618 2753 uirgo,
646 2670 713 2734 sine
737 2671 860 2734 macula
882 2670 1098 2735 fornicationis
1121 2674 1159 2736 ut
1180 2687 1291 2753 sponsa,

164 2775 230 2837 sine
253 2774 366 2856 probro
388 2774 519 2838 uilitatis
543 2778 578 2837 ut
601 2775 776 2838 emundata.
824 2775 913 2856 quid,
941 2775 968 2838 si
991 2778 1023 2839 et
1045 2775 1096 2838 hic
1118 2775 1292 2859 respondere

163 2879 330 2961 concipias
354 2879 448 2942 adimi
471 2879 596 2960 quidem
619 2878 832 2961 peccatoribus
848 2880 900 2943 uel
915 2880 1050 2942 maxime
1066 2897 1162 2944 carne
1177 2879 1292 2963 pollutis

93 3052 99 3068 .
164 2983 493 3062 communicationem,
525 2983 579 3046 sed
608 2983 648 3046 ad
676 3001 840 3065 praesens,
871 2983 1098 3047 restituendam
1129 2985 1247 3048 seilicet
1266 3000 1295 3045 er

112 3111 137 3150 25
164 3086 372 3166 paenitentiae
407 3086 541 3167 ambitu,
576 3088 748 3150 secundnm
778 3088 865 3151 illam
897 3088 1096 3152 clementiam
1128 3088 1193 3168 dei,
1227 3105 1295 3170 quae

166 3191 287 3253 mauult
320 3192 489 3273 peccatoris
524 3191 752 3274 paenitentiam
785 3209 879 3273 quam
913 3194 1069 3255 mortem?
1126 3193 1185 3256 hoc
1223 3193 1297 3256 enim

164 3294 406 3358 fundamentum
437 3296 589 3377 opinionis
620 3298 743 3359 nestrae
774 3314 995 3377 usquequaque
1024 3296 1218 3378 pulsandum
1247 3299 1296 3360 est.

165 3398 295 3461 dicimus
329 3399 448 3480 itaque,
488 3400 672 3463 clementiae
706 3400 829 3464 diuinae
864 3400 889 3462 si
922 3401 966 3464 ita
1000 3418 1068 3464 esse
1102 3401 1298 3483 competisset

269 3539 471 3646 uicorsa.
520 3579 746 3647 emethsan
796 3578 840 3648 ro]
853 3579 1049 3648 spuerem.
1061 3582 1090 3636 11
1106 3596 1163 3649 sqq.
1216 3580 1259 3650 15]
1271 3579 1300 3634 c.

165 3668 182 3720 2
200 3665 290 3720 Thess.
304 3668 328 3730 3,
342 3669 365 3721 6.
421 3667 464 3735 17]
485 3665 518 3720 cf.
531 3666 598 3735 Eph.
612 3671 636 3731 5,
649 3669 682 3722 25
696 3682 734 3734 sq.

210 3834 222 3886 l
246 3831 325 3884 huius
349 3832 443 3884 mundi
468 3833 529 3887 Gal:
556 3832 710 3886 huiusmodi
733 3834 760 3887 B
830 3836 845 3888 5
873 3833 944 3887 enim
971 3836 1027 3887 tarn
1052 3836 1117 3890 cel.-
1143 3838 1202 3890 tam
1231 3838 1302 3890 inB

167 3919 325 3986 dquonimn
348 3918 488 3974 chlcrres:
506 3919 639 3972 modicam
657 3921 692 3987 B,
711 3920 847 3973 modicum
870 3922 921 3976 Urs
985 3923 1012 3974 et
1030 3921 1079 3977 dcl.
1103 3924 1170 3992 Urs·
1224 3924 1302 3978 modi-

167 4021 227 4057 cum
246 4006 295 4059 dcl.
313 4006 364 4060 Urs
418 4004 514 4072 desipit
534 4006 597 4060 Get:
615 4006 727 4074 despicit
745 4008 772 4061 B
835 4008 867 4062 14
886 4007 972 4060 dicere
992 4008 1043 4063 Gal
1105 4011 1139 4064 16
1157 4011 1304 4065 consultata

167 4094 230 4144 suut
244 4092 307 4146 Gel:
325 4110 374 4148 cm.
390 4093 490 4146 lacuna
501 4092 626 4148 tredecim
637 4096 693 4162 sere
705 4096 855 4148 linearum
867 4095 961 4149 relicta
973 4096 1009 4162 B,
1021 4095 1144 4150 consulta
1156 4102 1224 4153 sunt
1237 4100 1304 4156 Sem-

167 4179 237 4233 eccs
303 4181 335 4233 18
359 4178 397 4246 et]
422 4180 453 4230 ut
476 4179 525 4232 Gel
588 4181 620 4234 21
646 4181 787 4233 uetustatis
808 4182 876 4251 Rip:
899 4181 1020 4235 ueritatis
1043 4183 1079 4250 B,
1101 4184 1233 4240 uanitatis
1252 4187 1304 4240 Lar

168 4266 200 4319 22
219 4264 313 4332 quodsi
334 4265 391 4319 Lat
443 4266 477 4319 25
499 4280 566 4333 quae
585 4267 689 4319 mauult
709 4268 770 4322 Get:
793 4283 844 4335 qua
866 4268 890 4321 ei
912 4267 972 4321 uult
988 4270 1024 4336 B,
1048 4284 1100 4336 qua
1118 4273 1228 4328 mauult
1249 4275 1304 4340 Urs,

168 4365 233 4417 quae
252 4351 311 4404 uult
329 4351 473 4406 Hortclios
525 4354 559 4408 28
581 4353 619 4407 ita
637 4369 692 4408 esse
711 4356 747 4423 B,
765 4355 865 4408 cauisse
887 4354 1021 4424 Oebtcraes,
1039 4357 1167 4413 statuisse
1185 4363 1249 4430 fort.
