2820 4914
163 357 227 419 310
394 355 507 421 Quinti
527 356 663 424 Septimi
684 355 851 409 Florentis
869 354 1072 408 Tertulliani

162 535 216 595 ant
239 533 298 595 etsi
320 550 381 596 non
406 532 523 612 adsint,
548 532 605 595 hoc
629 551 696 595 esse
719 531 933 614 proprietatiS,
964 549 1027 595 non
1050 530 1163 594 adesse
1186 530 1290 611 corpori

162 636 286 700 animae
310 655 389 718 quae
413 636 592 719 corporibus
613 640 616 714 1
638 637 751 700 ceteris
775 636 886 699 adsint.
927 639 1088 700 ettamen
1112 654 1176 698 non
1198 635 1342 697 incon-titt

163 744 281 804 stanter
312 741 526 824 profitebimur
554 740 752 804 sollemniora
777 759 917 822 quaeque
942 744 973 804 et
996 739 1177 804 omnimodo
1201 738 1293 802 debita

162 846 373 928 corpulentiae
398 846 506 909 adesse
531 844 654 908 animae
678 863 811 926 quoque,
835 849 870 909 nt
893 843 1046 924 habitum,
1071 846 1107 907 nt
1122 843 1293 921 terminum,

123 976 135 1012 a
162 952 197 1013 ut
220 950 296 1012 illud
320 949 474 1013 trifariam
491 950 708 1029 disterminum,
731 949 959 1032 longitudinem
975 949 1042 1012 dico
1059 951 1091 1012 et
1104 947 1294 1012 latitudinem

162 1056 192 1117 et
223 1052 463 1133 sublimitatem,
499 1053 611 1136 quibus
643 1057 801 1118 metantur
831 1072 958 1136 corpora
987 1053 1174 1136 philosophi.
1230 1052 1296 1134 qnid

161 1177 244 1222 nune
267 1160 348 1240 qnod
372 1162 403 1222 et
427 1158 562 1242 effigiem
587 1159 710 1222 animae
734 1158 867 1222 damus?
900 1157 1030 1222 Platone
1054 1158 1193 1238 nolente,
1217 1158 1297 1239 qnasi

160 1263 353 1344 periclitetur
384 1263 420 1325 de
452 1263 574 1326 animae
605 1264 847 1326 immortalitate.
895 1280 987 1326 omne
1018 1262 1102 1326 enim
1132 1261 1298 1346 effigiatum

160 1368 366 1449 compositum
391 1371 422 1431 et
445 1368 586 1431 structile
609 1367 760 1431 affirmat:
785 1366 963 1431 dissolubile
987 1370 1094 1431 antem
1109 1385 1204 1431 omne
1221 1384 1299 1430 com-

110 1497 134 1534 o
160 1471 339 1553 positicium
363 1476 395 1536 et
420 1473 573 1545 structile;
605 1473 659 1535 sed
683 1472 820 1535 animam
843 1472 1065 1551 immortalem,
1088 1472 1187 1555 igitur
1209 1471 1300 1535 indis·

161 1576 337 1657 solubilem,
363 1595 424 1658 qua
448 1578 657 1641 immortalem
679 1580 710 1640 et
726 1576 942 1660 ineffigiatam,
966 1594 1027 1658 qua
1042 1576 1300 1641 indissolubilem.

160 1685 300 1745 ceterum
327 1682 573 1764 compositiciam
597 1686 629 1745 et
652 1682 839 1762 structilem,
871 1681 897 1744 si
921 1680 1109 1765 effigiatam3
1141 1685 1301 1763 tamquam

160 1786 219 1849 alio
252 1804 321 1849 eam
345 1786 436 1850 modo
460 1786 602 1870 effigians
624 1784 888 1850 intellectualibus
911 1786 1035 1866 formis,
1066 1785 1237 1868 pulchram
1259 1787 1302 1849 in·

160 1891 246 1954 stitia
270 1895 300 1954 ct
323 1890 493 1974 disciplinis
516 1891 740 1973 philosophiae,
769 1891 941 1954 deformem
968 1908 1042 1954 nero
1066 1891 1235 1955 contrariis
1258 1910 1303 1954 ar·

108 2018 132 2057 15
160 1994 252 2058 tibus.
300 1995 354 2057 sed
381 2014 436 2059 nos
460 1996 633 2076 corporales
658 2012 779 2077 qnoque
803 1995 849 2058 illi
872 1994 1071 2059 inscribimus
1094 1995 1212 2076 lineaS,
1244 2014 1302 2059 non

159 2101 283 2162 tantum
314 2119 349 2162 ex
372 2097 485 2162 fiducia
509 2099 735 2182 corporalitatis
758 2119 814 2181 per
838 2099 1104 2180 aestimationem,
1137 2119 1252 2165 uerum
1274 2104 1303 2164 et

159 2222 195 2266 ex
225 2204 402 2268 constantia
432 2204 552 2286 gratiae
582 2223 637 2286 per
666 2205 900 2268 reuelationem.
947 2222 1020 2268 nam
1050 2205 1125 2286 qnia
1152 2206 1303 2288 spiritaha

159 2309 348 2372 charismata
385 2310 597 2392 agnoscimus⁷
636 2313 707 2392 post
740 2309 913 2373 Iohannem
947 2328 1070 2391 quoqne
1105 2311 1302 2393 prophetiam

159 2413 331 2476 meruimus
363 2414 519 2494 consequi.
567 2416 614 2477 est
644 2413 735 2477 hodie
767 2431 852 2477 soror
882 2414 964 2496 apnd
992 2431 1049 2478 nos
1072 2416 1301 2481 reuelationnm

106 2542 131 2580 20
158 2517 349 2581 charismata
381 2518 504 2597 sortita,
534 2535 612 2598 quas
643 2518 673 2581 in
702 2518 832 2581 ecelesia
854 2517 935 2582 inter
958 2517 1116 2582 dominica
1139 2520 1302 2585 sollemnia

157 2642 212 2704 per
244 2622 377 2709 ecstasin
408 2622 439 2685 in
464 2621 575 2704 spiritu
598 2623 729 2704 petitura
761 2625 962 2686 conuersatur
986 2640 1057 2685 enm
1080 2624 1219 2706 angeliS,
1248 2625 1299 2688 ali·

158 2727 281 2808 quando
314 2727 408 2790 etiam
435 2745 506 2790 curn
530 2726 669 2807 domino,
702 2731 733 2791 ct
756 2727 842 2791 uidet
865 2731 896 2791 et
919 2727 1005 2791 audit
1027 2733 1242 2811 sacramenta,
1271 2733 1299 2792 et

158 2831 353 2912 quorundam
377 2832 469 2895 corda
486 2831 619 2895 dinoscit
635 2836 666 2896 et
681 2831 851 2896 medicinas
868 2833 1119 2897 desiderantibus
1135 2835 1296 2899 submittit.

158 2936 222 2998 iam
253 2954 326 2999 nero
357 2939 450 3019 prout
481 2937 652 3019 scripturae
682 2937 830 3020 leguntur
858 2940 911 3000 ant
933 2937 1046 3020 psalmi
1069 2943 1228 3003 canuntur
1250 2942 1296 3003 ant

107 3065 131 3102 25
160 3039 361 3103 allocutiones
393 3042 593 3122 proferuntur
628 3044 683 3104 ant
716 3041 882 3124 petitiones
918 3041 1116 3125 delegantur,
1150 3043 1198 3108 ita
1231 3043 1294 3108 inde

157 3144 307 3208 materiae
343 3144 514 3208 uisionibns
549 3145 836 3209 subministrantur.
900 3145 980 3210 forte
1014 3146 1120 3212 nescio
1155 3148 1230 3229 quid
1262 3147 1293 3210 de

158 3248 262 3310 anima
297 3248 559 3330 disserueramus,
594 3268 665 3312 cum
698 3268 733 3312 ea
765 3268 850 3313 soror
881 3250 911 3313 in
944 3250 1054 3332 spiritu
1090 3256 1183 3316 esset.
1229 3254 1294 3335 post

157 3354 315 3416 transacta
337 3353 501 3417 sollemnia
520 3353 524 3438 1
546 3353 675 3417 dimissa
697 3353 797 3436 plebe,
822 3373 882 3436 qno
906 3355 1342 3422 nsusolctnobisrenun-f.1t

157 3458 234 3520 tiare
258 3476 344 3542 quae
367 3458 481 3521 uiderit
503 3457 591 3540 (nam
615 3462 646 3522 et
669 3458 915 3543 diligentissime
933 3459 1129 3543 digeruntur,
1153 3464 1190 3525 ut
1206 3463 1294 3527 etiam

261 3629 288 3697 7]
308 3629 341 3683 cf.
355 3629 424 3683 Plat.
443 3630 543 3684 Phaed.
556 3647 581 3699 p.
598 3634 646 3686 105
660 3646 716 3698 sqq.

200 3786 372 3839 ‘detesteris
391 3787 418 3840 B
472 3786 684 3842 5distantinnm
702 3787 771 3842 Lot:
794 3786 954 3842 distantium
970 3789 1026 3843 AB
1080 3788 1139 3843 dico
1158 3793 1187 3844 et
1204 3791 1294 3846 ooaA

157 3875 189 3927 lo
208 3876 248 3926 est
266 3874 292 3926 A
306 3891 373 3928 corr.
447 3877 476 3928 11
497 3890 549 3941 qua
567 3873 996 3928 immomalem-indissolubilem
1015 3893 1065 3931 one.
1079 3877 1107 3931 A
1178 3895 1231 3946 qua
1248 3878 1295 3931 im-

156 3959 295 4013 mortalem
319 3963 383 4015 Urs:
401 3976 481 4027 quam
500 3959 679 4013 immortalem
697 3963 725 4015 B
779 3964 811 4016 15
831 3962 876 4014 scd
894 3963 929 4029 B,
948 3964 1014 4017 etA
1069 3964 1101 4019 18
1120 3963 1294 4018 iohannan

157 4049 189 4101 111
209 4050 235 4099 ct
254 4048 377 4114 consequi
391 4049 417 4100 B
471 4050 501 4101 21
523 4047 637 4099 ecstasin
650 4049 735 4102 Pane:
752 4049 851 4101 extasin
865 4051 921 4103 AB
973 4051 1005 4104 ire
1022 4066 1073 4118 neq.
1087 4069 1174 4105 maan
1190 4053 1295 4107 librarii

155 4133 227 4187 Nota
251 4134 365 4186 formam
388 4135 486 4188 ueteris
507 4133 691 4188 celebrationis
709 4137 736 4189 A
806 4138 840 4191 23
864 4137 1011 4191 summittit
1033 4139 1118 4192 Pone:
1140 4139 1226 4192 sumit
1244 4141 1295 4193 AB

155 4223 189 4274 24
207 4221 259 4272 iam
279 4222 314 4288 B,
333 4221 371 4273 ita
389 4223 415 4275 A
470 4237 532 4274 nero
551 4222 641 4277 om.B
695 4224 728 4276 26
748 4223 892 4276 matheriac
911 4226 937 4278 A
994 4226 1026 4279 27
1046 4227 1105 4292 sprin
1124 4227 1152 4280 A
1205 4229 1240 4282 28
1259 4225 1295 4278 di·

155 4307 251 4364 missa*
272 4309 298 4365 A
352 4323 399 4360 nso
418 4309 444 4365 A
464 4326 530 4367 corr.
585 4308 739 4362 renunciare
758 4311 786 4363 A
