2820 4914
478 382 513 436 ΙΙ.
533 384 577 436 De
595 384 791 437 idololatria
809 388 885 441 6-8.
1204 386 1243 449 37

107 560 286 646 s,t1·,uxeris,
313 560 339 622 si
365 559 521 623 bratteam
548 560 736 643 expresseris
759 564 814 624 aut
838 561 975 644 insignia
1002 566 1057 625 aut
1080 563 1175 625 etiam
1198 562 1251 626 do·

106 684 208 751 ,mum
209 713 218 749 ,
232 663 443 728 fabricaueris.
476 665 574 728 maior
590 668 638 728 est
655 665 806 729 eiusmodi
822 683 925 748 opera,
942 685 1021 747 quae
1037 685 1099 731 non
1116 665 1252 751 effigiem

108 770 242 850 confert,
266 770 319 833 sed
343 769 569 833 auctoritatem.
610 769 637 832 si
659 769 705 833 ita
728 769 899 833 necessitas
923 769 1121 834 exhibitionis
1145 775 1252 835 exten-

109 875 205 954 ditur,
228 873 345 938 habent
360 875 391 936 et
407 873 484 936 alias
501 873 718 954 specieS,quae
735 874 801 937 sine
818 873 1040 937 exorbitatione
1053 875 1252 960 disciplinae

108 979 145 1041 id
168 978 304 1042 estsine
327 976 401 1040 idoli
424 977 594 1041 confictura
616 995 708 1059 opem
735 977 837 1041 uictus
864 981 1035 1060 praestent.
1082 979 1142 1043 scit
1165 979 1251 1043 alba·
1291 996 1304 1035 ⁵

109 1083 175 1146 rius
203 1084 301 1145 tector
328 1084 360 1145 et
387 1084 469 1144 tecta
496 1081 609 1144 sarcire
637 1085 669 1145 et
694 1082 824 1146 tectoria
850 1082 994 1145 inducere
1025 1085 1057 1146 et
1083 1083 1252 1147 cisternam

10 1198 89 1250 .110
108 1188 187 1252 liare
214 1189 244 1250 ct
267 1185 402 1269 cymatia
425 1185 600 1249 distendere
628 1189 659 1249 et
681 1186 781 1249 multa
807 1186 869 1249 alia
891 1190 1075 1250 ornamenta
1099 1184 1103 1272 l
1128 1191 1252 1269 praeter

111 1291 280 1355 simulacra
301 1290 472 1372 parietibus
495 1290 674 1371 incrispare.
718 1290 777 1353 soit
800 1293 831 1353 et
854 1290 952 1373 pictor
976 1293 1007 1354 et
1030 1292 1250 1355 marmorarius

110 1399 143 1460 et
170 1396 307 1460 aerarius
338 1400 369 1458 et
396 1395 582 1477 quicumque
610 1394 746 1458 caelator
772 1395 953 1459 lat'tudines
982 1413 1054 1459 suas
1086 1399 1117 1459 et
1144 1396 1251 1477 utique

110 1502 211 1565 multo
239 1500 402 1564 faciliores.
449 1518 523 1562 nam
551 1500 603 1580 qui
633 1499 759 1583 signum
788 1499 949 1579 describit,
982 1502 1097 1581 quanto
1128 1500 1251 1563 facilius
1279 1517 1304 1556 1⁰

111 1606 245 1670 abacum
267 1605 360 1668 linit?
394 1604 447 1685 qui
471 1604 508 1666 de
531 1604 598 1667 tilia
620 1604 757 1667 Martem
781 1604 924 1686 exculpit,
948 1606 1063 1685 quanto
1087 1604 1177 1668 citius
1201 1622 1252 1668 ar-

111 1711 246 1774 marium
276 1708 469 1792 compingit?
515 1708 601 1771 nulla
632 1726 681 1770 ars
713 1727 775 1772 non
806 1707 934 1771 alterius
966 1708 1041 1771 artis
1073 1711 1128 1772 aut
1152 1711 1252 1772 mater

110 1819 166 1879 aut
188 1814 362 1897 propinqua
379 1817 435 1877 cst.
471 1813 549 1876 nihil
573 1812 700 1876 alterius
717 1814 818 1876 uacat.
853 1816 900 1876 tot
915 1815 989 1876 sunt
1012 1813 1128 1876 artium
1143 1830 1251 1893 uenae,
1290 1894 1293 1900 .

110 1922 187 2001 quot
209 1918 372 1983 hominum
399 1917 675 2000 concupiscentiae.
722 1917 776 1979 sed
799 1917 837 1980 de
860 1916 1055 1980 mercedibus
1087 1919 1118 1980 et
1140 1935 1252 1982 manus

109 2023 219 2106 pretiis
242 2023 383 2086 interest.
429 2021 555 2103 perinde
578 2021 710 2084 interest
734 2024 765 2084 et
788 2021 825 2083 de
847 2020 962 2084 labore.
1008 2021 1110 2085 minor
1133 2040 1251 2085 merces
1279 2038 1305 2079 rs

109 2127 320 2210 frequentiore
344 2128 415 2189 actu
438 2129 629 2207 repensatur.
676 2129 752 2207 quot
778 2125 911 2208 parietes
939 2125 1030 2209 signa
1053 2125 1252 2189 desiderant?

110 2235 188 2314 quot
209 2231 329 2314 templa
352 2234 382 2294 et
398 2231 489 2293 aedes
512 2230 601 2294 idolis
625 2229 849 2293 aedificantur?
881 2230 991 2294 domus
1012 2248 1086 2294 uero
1110 2234 1141 2293 et
1163 2248 1253 2312 prae·

110 2337 191 2401 toria
218 2339 248 2399 et
270 2335 382 2399 balnea
410 2338 442 2398 et
468 2330 590 2398 insulae
614 2336 770 2416 quantae?
817 2351 925 2397 soccus
954 2338 985 2398 et
1012 2333 1094 2398 baxa
1117 2334 1252 2416 quotidie

110 2442 291 2520 deauratur,
325 2439 500 2502 Mercurius
535 2442 566 2502 et
597 2438 718 2521 Serapis
753 2457 816 2502 nou
851 2438 997 2520 quotidie.
1045 2438 1180 2502 sufficiat
1213 2440 1253 2503 ad

110 2548 278 2627 quaestum
294 2543 505 2607 artificiorum.
527 2542 716 2624 frequentior
733 2545 780 2606 est
792 2543 878 2605 omni
895 2543 1116 2625 superstitione
1131 2543 1253 2606 luxuria
1279 2560 1304 2599 20

113 2653 144 2713 et
167 2648 305 2712 ambitio.
348 2648 453 2711 lances
477 2651 508 2710 et
531 2648 660 2730 scyphos
684 2647 806 2710 facilius
830 2646 960 2710 ambitio
984 2666 1078 2729 quam
1102 2647 1252 2729 supersti-

113 2754 174 2838 tio,
189 2752 386 2817 desiderabit.
426 2770 554 2816 coronas
572 2769 691 2834 quoque
712 2751 813 2834 magis
834 2751 955 2814 luxuria
979 2769 1072 2832 quam
1093 2750 1252 2814 sollemni-

112 2862 180 2942 tas,
197 2860 309 2940 erogat.
335 2874 406 2920 cnm
422 2856 516 2939 igitur
533 2855 661 2919 adhaec
677 2855 878 2919 artificiorum
897 2873 1012 2938 genera
1028 2856 1252 2940 cohortemur„

112 2980 191 3042 quae
219 2961 337 3025 idolum
360 2960 486 3042 quidem
514 2963 545 3023 et
569 2978 647 3041 quae
674 2960 755 3024 idolo
783 2962 965 3041 competunt
992 2977 1054 3023 non
1077 2959 1251 3042 adtingunt,

112 3067 177 3130 sint
199 3069 305 3129 autem
332 3069 363 3129 et
385 3065 565 3129 hominibus
589 3064 767 3128 communia
794 3082 886 3147 saepe
910 3082 988 3145 quae
1017 3066 1049 3128 et
1070 3064 1171 3144 idolis,
1194 3065 1253 3128 hoc
1279 3082 1304 3122 2⁵

112 3189 235 3252 quoque
258 3188 368 3233 cauere
392 3168 553 3248 debemus,
577 3169 709 3250 nequid
733 3169 903 3233 scientibus
927 3167 1016 3232 nobis
1040 3168 1078 3231 ab
1096 3167 1252 3249 aliquibus
1299 3241 1301 3244 Α

112 3275 150 3338 de
174 3273 317 3337 manibus
341 3273 456 3337 nostris
479 3273 511 3336 in
534 3291 602 3336 rem
623 3273 777 3338 idolorum
799 3273 983 3356 postuletur.
1024 3272 1106 3354 quod
1129 3270 1157 3336 si
1179 3290 1253 3336 con-

112 3377 299 3443 cesserimus
331 3382 362 3441 et
389 3396 451 3441 non
478 3376 624 3440 remediis
651 3377 716 3440 iam
743 3377 867 3441 usitatis
896 3377 1061 3460 egerimus,
1092 3393 1154 3439 non
1176 3379 1251 3459 puto

112 3501 169 3546 nos
197 3501 215 3546 a
241 3472 382 3564 contagio
409 3481 600 3545 idololatriae
627 3500 748 3560 uacare,
777 3500 907 3562 quorum
936 3499 1048 3545 manus
1075 3498 1138 3544 non
1164 3481 1253 3564 igno-

157 3635 365 3692 lbraoteamB
418 3634 608 3689 3obteuditur
625 3637 683 3705 Urs,
703 3635 852 3689 attenditur
870 3638 926 3690 Iun
979 3635 1252 3691 5confectnraPom

111 3725 227 3793 praestet
245 3724 300 3777 AB
365 3721 486 3790 fligare
505 3722 576 3776 Pam
642 3722 777 3791 cymathia
794 3725 849 3777 AB
914 3723 1095 3778 8incrustare
1114 3724 1193 3790 Paro,
1211 3722 1253 3776 in-

112 3826 224 3880 gypsato
242 3811 305 3878 fort.
359 3809 538 3865 9alitudines
556 3811 701 3865 Hurtetius
759 3813 786 3863 et
803 3810 895 3877 utique
913 3812 948 3879 A,
967 3810 1058 3877 utique
1077 3811 1105 3864 B
1160 3813 1192 3865 10
1212 3809 1252 3862 di-

112 3895 206 3950 scribit
223 3898 278 3950 Iwn
325 3899 356 3951 14
369 3896 562 3964 manuspraetis
572 3898 607 3964 A,
620 3912 702 3967 manu
716 3897 811 3966 spretis
821 3899 856 3965 B,
869 3896 1044 3965 manupretiis
1054 3898 1110 3951 Iun
1147 3899 1178 3951 15
1192 3912 1251 3965 per-

111 3981 174 4036 inde
191 3984 303 4052 scripsi:
324 3981 435 4051 proinde
450 3985 504 4036 AB
566 3986 597 4038 19
620 3982 763 4036 deauratur
781 3986 844 4051 AB,
869 3983 1029 4036 deaurantur
1052 3985 1123 4037 Pam
1176 3981 1252 4036 suffi-

112 4070 185 4123 ciant
208 4070 258 4124 Gal
316 4070 350 4124 20
373 4072 496 4136 questum
515 4072 542 4124 A
599 4069 790 4137 frequentiores
809 4072 870 4136 (om.
890 4071 940 4137 est)
961 4071 1010 4125 oet
1072 4071 1103 4124 21
1124 4068 1210 4137 scyfos
1223 4071 1251 4124 A

112 4158 146 4211 22
165 4155 347 4224 sollempnitas
364 4158 392 4210 A
459 4158 493 4210 24
515 4172 581 4224 quae
602 4158 695 4227 prius]
718 4173 799 4225 equae
816 4159 844 4212 A
908 4160 941 4212 25
960 4157 1014 4210 sint
1033 4158 1095 4211 Get:
1117 4159 1180 4209 sunt
1195 4157 1251 4210 AB

111 4245 145 4298 27
165 4242 286 4296 dolorum
303 4244 331 4297 A
388 4245 422 4301 28
440 4243 494 4297 iarn
511 4244 581 4298 Lat:
599 4247 655 4297 tam
668 4246 722 4301 AB
785 4246 827 4300 usi
844 4244 1020 4317 paenitentias
1036 4246 1109 4318 sort,
1127 4242 1169 4295 usi
1187 4243 1251 4301 satis

112 4331 255 4388 Bararus
