2820 4914
229 361 293 426 234
456 361 571 427 Quinti
590 361 728 431 Septimi
747 361 912 415 Florentia
929 361 1130 416 Tertulliani

273 536 301 601 8.
326 536 385 604 Sed
413 537 496 602 onim
518 538 682 620 plerosque
708 537 893 623 interpretes
915 537 1135 620 parabolarum
1157 538 1246 604 idem
1269 540 1363 604 exitus

229 643 352 726 desipit,
376 661 467 724 quem
490 643 521 706 in
544 642 682 706 uestibus
705 660 842 726 purpura
863 642 1023 707 oculandis
1039 643 1226 725 saepissime
1242 644 1361 708 euenire

230 750 286 811 est.
331 765 403 811 oum
436 747 594 830 putaueris
624 750 708 811 reete
738 747 921 813 oonsiliasse
948 750 1200 832 temperamenta
1230 749 1359 814 eolomm

229 856 261 915 et
289 851 454 915 credideris
484 851 732 935 comparationes
765 870 872 917 eorum
903 853 984 917 inter
1017 871 1051 916 se
1083 870 1203 918 unasse
1237 852 1357 933 erudite,

191 983 203 1022 e
230 973 300 1020 mor
330 959 461 1039 utroque
490 972 617 1040 eorpore
648 959 679 1020 et
707 956 877 1021 luminibus
904 956 1056 1040 expressis
1078 973 1218 1022 errorem
1241 975 1357 1023 omnem

229 1061 371 1125 uadueu
400 1061 564 1125 diuersitas
588 1063 720 1125 edomet.
767 1061 876 1126 eadem
897 1061 1003 1145 itaque
1025 1061 1159 1146 ealigine
1183 1061 1267 1126 enea
1287 1062 1357 1128 filio

228 1183 298 1229 rum
328 1183 449 1247 quoque
480 1165 611 1229 duorum
641 1163 822 1249 parabolam
849 1164 1037 1247 quibusdam
1059 1164 1271 1249 adpraesens
1293 1184 1356 1231 oon-

228 1269 436 1334 uolorentibus
459 1269 566 1353 figuris
589 1288 608 1333 a
630 1288 704 1334 uero
719 1269 838 1334 lumine
854 1269 1028 1334 exorbitant
1043 1269 1109 1334 eius
1125 1270 1356 1353 comparationis

228 1393 322 1457 quam
355 1374 522 1458 parabolae
556 1375 688 1440 materie
719 1374 880 1458 praetexit.
940 1373 1017 1438 duos
1051 1373 1136 1438 enim
1169 1375 1300 1458 populos
1330 1375 1357 1438 in

178 1507 202 1544 ιο
229 1479 348 1544 duobus
360 1478 432 1543 filiis
448 1478 610 1559 oollooant‚
626 1479 788 1543 Iudaieum
804 1479 963 1559 maiorem,
976 1477 1189 1544 Christianum
1200 1479 1357 1544 minorem.

229 1602 286 1647 neo
316 1584 399 1647 enim
428 1586 560 1666 possunt
582 1583 691 1648 exinde
715 1582 926 1648 Christianum
947 1585 1143 1665 peoeatorem
1165 1583 1200 1647 in
1221 1582 1287 1649 filio
1308 1584 1360 1648 mi·

229 1705 303 1752 nore
326 1688 488 1770 disponere
511 1688 637 1752 ueniam
660 1691 909 1768 consecuturum,
932 1687 993 1751 nisi
1015 1687 1048 1751 in
1071 1687 1189 1767 maiore
1204 1687 1361 1752 Iudaicum

229 1793 445 1875 expresserint.
491 1810 580 1875 porro
611 1792 638 1856 si
660 1792 823 1856 Iudaicum
853 1791 1016 1857 ostendero
1047 1790 1177 1856 defioere
1200 1810 1220 1856 a
1242 1810 1362 1875 eompa-

229 1897 350 1961 ratione
379 1895 434 1960 filii
464 1897 603 1977 maioris,
634 1900 854 1979 cousequenter
883 1897 989 1979 utique
1012 1914 1070 1960 neo
1093 1894 1292 1962 Christianus
1315 1897 1363 1960 ad·

179 2027 203 2065 15
229 2002 371 2066 mittetur
394 2001 431 2065 de
454 2000 696 2085 configuratione
718 2000 774 2065 filii
796 2000 935 2066 minoris.
969 2001 1044 2065 lieet
1063 2001 1146 2065 enim
1161 1999 1245 2065 filius
1263 2000 1364 2065 audiat

230 2110 262 2170 et
282 2106 417 2170 Iudaeus
449 2109 480 2170 et
509 2107 621 2187 maior,
651 2106 724 2188 quia
752 2106 836 2187 prior
864 2106 897 2170 in
920 2105 1099 2187 adoptione,
1128 2105 1203 2170 lieet
1225 2108 1259 2169 et
1282 2105 1364 2171 chu-

230 2211 331 2275 stiono
360 2210 643 2275 reconsiliationem
673 2210 722 2274 dei
747 2210 845 2294 patris
866 2209 1022 2290 inuideat,
1051 2209 1134 2291 quod
1157 2210 1210 2273 uel
1232 2209 1363 2274 maxime

229 2316 352 2379 diuersa
377 2334 450 2399 pars
481 2315 591 2399 carpit,
623 2314 677 2379 sed
706 2331 769 2378 nou
799 2315 856 2378 erit
884 2314 991 2378 Iudaei
1021 2313 1140 2378 dietum
1167 2313 1207 2377 ad
1230 2317 1363 2398 patrem:

230 2439 313 2485 ecee
341 2423 428 2502 quot
450 2420 556 2483 annis
583 2418 652 2483 tibi
675 2419 796 2483 seruio
820 2421 856 2482 et
877 2420 1117 2501 praereptum
1138 2420 1247 2482 tuum
1270 2436 1364 2483 num-

179 2549 203 2588 ro
231 2543 337 2608 quam
366 2524 581 2608 praeteriui.
628 2524 750 2606 quando
782 2524 866 2586 enim
893 2540 955 2587 non
978 2526 1191 2607 transgressor
1211 2522 1295 2606 legis
1316 2522 1364 2586 Iu-

230 2631 339 2709 daeus,
363 2648 437 2694 aure
459 2629 588 2693 audiens
612 2631 643 2692 et
665 2646 727 2692 non
750 2628 892 2708 audiens,
916 2627 984 2691 odio
1006 2625 1126 2691 hebens
1149 2625 1363 2691 deducentem

229 2735 261 2798 iu
284 2735 381 2817 portis
405 2738 436 2798 et
458 2736 697 2816 aspernamento
720 2749 896 2797 sermonem
919 2733 1083 2797 sanetum?
1121 2731 1167 2794 sio
1189 2749 1249 2795 neo
1271 2731 1362 2815 patris

229 2838 269 2903 ad
296 2839 447 2903 Iudaeum
477 2838 535 2902 erit
565 2856 637 2902 uox:
672 2839 711 2900 tu
743 2855 887 2920 semper
916 2853 1058 2900 meeum
1088 2854 1139 2915 es,
1175 2837 1211 2899 et
1246 2835 1361 2901 omnia

230 2962 310 3007 mea
331 2946 395 3007 tua
417 2947 520 3007 sunt:
548 2942 655 3006 Iudaei
679 2942 762 3006 enim
784 2944 945 3024 apostatae
967 2939 1023 3004 filii
1038 2940 1293 3024 pronuntiantur,
1314 2958 1360 3024 ge

179 3070 204 3110 rs
230 3049 328 3112 nerati
358 3048 484 3129 quidem
515 3050 545 3110 et
574 3047 607 3110 in
637 3047 736 3110 altum
760 3045 846 3125 elati,
876 3045 931 3109 sed
953 3044 1007 3126 qui
1029 3060 1091 3108 non
1114 3045 1359 3127 computruerint

230 3153 322 3216 deum
354 3154 385 3215 et
415 3152 467 3233 qui
494 3150 714 3232 dereliquerint
736 3150 897 3214 dominum
920 3151 952 3212 et
973 3149 1005 3212 in
1027 3149 1106 3213 iram
1128 3150 1359 3231 prouoeaueriut

231 3260 376 3320 sanetum
397 3255 530 3320 Israelis.
570 3255 675 3319 omnia
703 3254 796 3337 plane
818 3253 934 3318 Iudaeo
956 3269 1104 3317 eonoessa
1133 3251 1288 3333 disemus,
1316 3250 1357 3315 eui

231 3361 324 3425 etiam
347 3361 484 3426 eondioio
506 3360 624 3444 gratior
647 3377 788 3442 quaeque
811 3360 848 3423 de
870 3359 945 3442 gula
963 3360 1070 3440 erepta
1086 3360 1144 3436 est,
1167 3356 1358 3440 nedumipso

230 3468 314 3530 terre
335 3469 481 3550 paternae
504 3465 726 3548 promissionis.
772 3466 864 3545 atque
887 3463 963 3526 adeo
986 3479 1048 3526 uon
1071 3461 1176 3526 minus
1198 3461 1293 3526 hodie
1312 3460 1357 3523 Iu·

336 3593 379 3662 15]
398 3591 431 3647 of.
445 3593 521 3647 Rom.
535 3595 559 3657 9,
571 3595 596 3647 4.
661 3591 705 3660 19]
723 3590 786 3645 Lue.
802 3594 842 3655 15,
855 3592 896 3646 29.
960 3589 1006 3659 23]
1025 3589 1088 3644 Luo.
1103 3592 1143 3653 15,
1156 3589 1198 3644 31.
1267 3585 1356 3658 25101.

230 3681 482 3749 ss.o,1o.1‚2sq.

274 3797 387 3864 aquen
408 3793 470 3848 Get:
488 3808 568 3861 quam
586 3794 613 3846 Β
666 3795 682 3847 3
699 3790 835 3861 putaueris
856 3789 919 3846 Get:
935 3790 1071 3860 putauerit
1088 3790 1116 3844 Β
1169 3788 1289 3844 solorum
1304 3789 1359 3844 θεῖ.Ι

231 3883 379 3937 seenlorum
397 3883 425 3935 B
488 3882 505 3933 4
523 3895 617 3933 uuasse
635 3881 747 3949 arripui:
765 3893 867 3932 amasse
885 3879 920 3946 Β,
939 3877 1070 3931 animasse
1092 3877 1151 3943 Urs,
1169 3875 1294 3931 humasse
1311 3878 1361 3932 loe

231 3969 333 4024 erudite
351 3969 436 4024 Hitd:
454 3966 557 4022 erudito
570 3968 597 4021 Β
650 3970 665 4022 5
684 3966 712 4020 in
729 3969 841 4033 unoque
859 3980 966 4035 eorpore
982 3962 1135 4018 homiuibus
1151 3963 1226 4019 Ηῖῖιῖ
1279 3967 1295 4020 6
1312 3967 1362 4019 tra-

232 4056 313 4111 duota
332 4056 394 4111 θεῖ·
412 4053 566 4108 traduetum
585 4056 612 4108 Β
681 4052 815 4110 Slumine
835 4052 898 4107 Get:
914 4050 1015 4106 liminis
1033 4051 1061 4105 Β
1131 4052 1165 4106 12
1182 4050 1286 4106 maiore
1306 4052 1364 4109 θεῖ·

231 4143 399 4198 maioremB
446 4143 479 4197 18
497 4140 583 4210 carpit
597 4139 660 4196 θεῖ·
678 4139 836 4209 carpiturB
884 4140 916 4194 19
935 4137 1088 4207 quotannis
1102 4137 1166 4192 Get:
1183 4139 1365 4205 quotannisB

231 4233 263 4286 21
282 4229 420 4284 tradueem
438 4228 467 4283 in
484 4227 569 4281 hortis
588 4228 653 4284 Seol
705 4229 739 4282 22
757 4241 900 4296 aspernans
921 4226 974 4282 Ura
1027 4224 1065 4278 eie
1082 4239 1131 4277 nee
1151 4223 1215 4279 Get:
1233 4225 1273 4279 sie
1292 4242 1325 4280 ne
1343 4226 1367 4281 Β

232 4319 265 4376 26
284 4316 362 4371 deum
385 4315 413 4384 0,
432 4315 570 4369 dominum
589 4315 616 4369 Β
