2820 4914
467 404 472 414 ·
514 394 546 448 X.
566 395 610 447 De
629 394 865 449 0111111032-33.
1200 390 1265 455 355

122 571 358 635 assimilatus
382 573 453 650 est,
484 569 597 650 inquit,
623 570 730 633 homo
753 567 1047 632 inrationalibus
1070 567 1265 647 iumentis,

122 694 186 739 non
216 675 284 738 ideo
307 674 395 737 milui
418 693 454 738 011
476 675 640 756 rapacibus
663 673 740 737 fient
763 677 794 737 et
816 691 908 737 canes
932 691 969 736 en
992 672 1111 755 spurcis
1135 674 1167 735 et
1188 689 1266 752 pan-

122 780 230 843 therae
255 799 290 843 ex
313 779 432 843 acerbis
456 782 510 842 aut
533 797 607 843 oues
632 798 668 843 ex
690 778 795 860 probis
819 780 851 841 et
872 777 1053 842 hirundines
1077 795 1113 840 ex
1132 776 1265 860 garrulis

122 888 154 947 et
177 883 340 948 columbae
364 903 400 947 011
422 883 553 967 pudicis,
576 884 666 966 quasi
689 883 799 946 eadem
820 882 995 947 substantia
1011 881 1134 946 animae
1150 879 1265 962 ubique

120 991 268 1052 naturam
295 1007 386 1052 suam
408 989 440 1052 in
464 989 648 1053 animalium
669 987 911 1071 proprietatibus
934 989 1066 1069 repetat.
1112 985 1195 1050 aliud
1218 987 1266 1049 est
1292 1011 1305 1050 s

120 1098 229 1158 autem
250 1094 436 1174 substantia,
460 1093 543 1157 aliud
559 1096 671 1158 natura
687 1092 897 1168 substantiam
921 1093 1073 1175 siqnidem
1089 1090 1268 1156 substantia

119 1199 246 1282 propria
277 1202 325 1262 est
353 1198 399 1262 rei
428 1198 592 1279 cuiusque,
623 1202 736 1262 natura
763 1216 837 1263 uero
859 1201 964 1280 potest
987 1216 1056 1261 0000
1079 1196 1265 1261 communis.

120 1303 245 1386 suscipe
269 1304 455 1385 exemplum.
491 1302 668 1367 substantia
691 1307 739 1367 001
760 1302 850 1384 lapis,
873 1302 1005 1366 ferrum:
1029 1302 1142 1366 duritia
1155 1301 1266 1382 lapidis

119 1412 153 1472 et
176 1408 250 1471 ferri
272 1410 385 1471 natura
408 1407 602 1472 substantiae
625 1411 682 1471 est.
717 1407 830 1471 duritia
845 1407 1065 1487 communicat,
1089 1405 1266 1488 substantia

120 1512 285 1576 discordat.
330 1512 462 1576 mollitia
491 1512 597 1593 lanae,
629 1513 759 1577 mollitia
787 1514 928 1596 plumae:
959 1513 1082 1594 pariant
1112 1512 1266 1576 naturalia
1292 1535 1313 1574 u

121 1635 244 1697 earum,
275 1616 473 1681 substantiua
503 1635 566 1681 non
595 1618 729 1699 pariant.
775 1619 820 1681 sio
847 1621 891 1698 01,
923 1617 949 1681 01
972 1635 1067 1681 saeua
1089 1616 1191 1681 bestia
1213 1618 1265 1681 uel

118 1723 219 1805 proba
242 1724 372 1786 uocetur
394 1723 498 1803 homo,
523 1722 663 1787 sednon
687 1723 796 1814 eadem
820 1722 933 1786 anima.
968 1740 1043 1786 nam
1066 1725 1097 1785 01
1119 1725 1194 1787 tuno
1209 1740 1264 1786 na-

119 1830 209 1891 turae
232 1826 401 1891 similitudo
426 1830 561 1908 notatur,
589 1845 661 1891 cum
684 1826 878 1891 substantiae
901 1827 1120 1891 dissimilitudo
1142 1827 1265 1908 conspi-

120 1932 210 1995 citur.
254 1932 357 2013 ipsum
390 1931 475 1995 enim
505 1932 588 2013 quod
617 1932 778 1995 hominem
812 1932 948 1996 similem
984 1931 1101 1995 bestiae
1134 1931 1263 2012 iudicas,

119 2034 276 2099 confiteris
308 2036 446 2098 animam
476 2053 539 2099 non
570 2036 703 2100 eandem
733 2036 867 2100 similem
898 2035 1036 2116 dicendo,
1067 2053 1129 2100 non
1151 2036 1262 2118 ipsam.
1291 2057 1313 2096 15

119 2140 166 2203 sic
189 2142 221 2203 01
243 2140 349 2203 diuina
370 2140 580 2221 pronuntiatio
604 2140 687 2223 sapit
704 2139 875 2223 pecudibus
892 2140 1070 2222 adaequans
1085 2139 1262 2226 homineml

68 2251 109 2306 145
122 2247 245 2324 natura,
269 2262 332 2308 non
355 2244 540 2308 substantia.
576 2247 716 2309 ceterum
738 2263 796 2309 nec
820 2245 895 2308 deus
917 2244 1078 2308 hominem
1096 2244 1156 2309 hoo
1171 2245 1263 2310 modo

118 2351 268 2428 notasset,
293 2348 320 2411 si
342 2349 494 2430 pecudem
518 2349 555 2411 de
579 2348 757 2413 substantia
780 2353 895 2413 nosset.

162 2451 214 2516 33.
239 2453 343 2517 Etiam
370 2473 442 2518 cum
465 2454 571 2518 indicii
593 2455 720 2518 nomine
743 2455 918 2536 uindicatur
940 2453 999 2518 hoo
1021 2453 1149 2536 dogma,
1180 2454 1262 2536 quod

101 2542 242 2621 'animae
273 2558 430 2623 humanae
460 2577 515 2641 pro
546 2559 612 2623 uita
643 2563 675 2623 01
704 2559 825 2622 meritis
853 2576 969 2641 genera
991 2558 1173 2622 animalium
1196 2577 1261 2623 sor·
1288 2583 1313 2622 ro

116 2664 245 2743 tiantur,
268 2663 455 2746 iugulandae
478 2682 617 2746 quaeque
641 2664 674 2726 in
697 2663 849 2728 occisoriis
867 2666 898 2726 et
913 2663 1104 2745 subigendae
1119 2681 1261 2744 quaeque

116 2768 150 2831 in
182 2767 389 2831 famulatoriis
420 2771 450 2832 01
474 2768 652 2851 fatigandae
675 2768 708 2832 in
732 2767 879 2849 operariis
903 2770 934 2830 et
955 2766 1126 2831 foedandae
1147 2767 1180 2830 in
1202 2768 1262 2830 im-

117 2872 254 2952 mundis,
283 2872 412 2952 perinde
443 2872 641 2936 honorandae
672 2876 703 2936 01
725 2871 900 2954 diligendae
922 2874 954 2934 et
975 2871 1130 2935 curandae
1154 2875 1185 2936 01
1207 2889 1262 2954 ap-

115 2976 271 3059 petendae
294 2977 326 3039 iu
349 2977 585 3058 speciosissimis
610 2980 641 3040 01
662 2976 858 3058 probissimis
882 2979 913 3038 et
934 2976 1109 3040 utilissimis
1134 2979 1165 3039 et
1184 2976 1262 3039 deli-

115 3080 302 3155 catissimis;
326 3084 357 3144 et
372 3081 422 3145 hic
438 3081 554 3145 dicam:
579 3082 606 3144 si
622 3082 833 3161 demutantur,
853 3098 916 3144 non
931 3081 1017 3162 ipsae
1033 3081 1262 3165 dispungentur
1288 3107 1313 3145 25

115 3203 199 3267 qnae
229 3184 446 3266 merebuntur,
476 3189 507 3249 01
536 3184 739 3250 euacuabitur
768 3185 846 3249 ratio
876 3185 994 3266 iudicii,
1024 3185 1052 3249 si
1079 3185 1260 3249 meritorum

116 3289 218 3352 deerit
241 3308 361 3353 sensus.
409 3290 507 3353 deerit
530 3293 635 3354 autem
659 3309 770 3354 sensus
793 3290 985 3369 meritorum,
1016 3289 1043 3353 si
1066 3292 1167 3353 status
1190 3308 1261 3353 uer-

115 3393 193 3457 terit
215 3394 405 3469 animarum;
428 3395 522 3458 uertit
545 3398 650 3458 autem
674 3397 775 3458 status
799 3393 987 3474 animarum,
1011 3392 1116 3458 sinon
1133 3393 1260 3458 eaedem

224 3514 424 3582 HRQQ

164 3630 176 3682 1
197 3627 373 3682 adsimulatus
393 3627 444 3685 dez
496 3627 524 3680 in
542 3626 717 3681 rationalibus
736 3629 763 3682 Β
825 3629 842 3681 3
860 3629 907 3680 aut
925 3642 988 3680 oues
1006 3643 1036 3679 ex
1054 3626 1144 3696 probis
1163 3645 1213 3682 om.
1232 3627 1260 3681 A

115 3707 230 3808 garullis
247 3742 273 3807 (r
291 3742 434 3809 detersum)
453 3742 480 3795 A
533 3743 550 3796 8
568 3741 672 3809 suscipe
689 3741 725 3808 A,
744 3740 847 3809 suspice
867 3742 895 3795 Β
949 3743 979 3795 ll
1000 3739 1043 3793 1101
1061 3739 1145 3808 proba
1162 3758 1213 3796 om.
1232 3740 1260 3793 A

117 3831 151 3883 12
180 3831 211 3880 ut
237 3828 316 3881 homo
343 3830 407 3896 fort.
480 3829 513 3882 14
536 3827 615 3896 ipsud
638 3829 666 3881 A
738 3830 770 3883 15
797 3827 909 3880 eandem
936 3826 1064 3889 similem;
1092 3826 1205 3880 similem
1231 3828 1260 3880 Β

117 3918 151 3971 16
170 3915 354 3983 pronunciatio
377 3915 404 3969 A
475 3914 644 3982 adhaequans
666 3916 693 3968 A
766 3916 799 3969 18
817 3914 839 3967 01
857 3915 893 3981 Β,
916 3917 943 3967 01
964 3913 1015 3982 ipsi
1033 3914 1061 3967 A
1130 3912 1260 3982 pecudem

116 4002 211 4056 cadem
229 4001 261 4056 do
280 4002 429 4056 substantia
446 4005 509 4071 sort.
581 4018 657 4055 nosse
679 4003 707 4056 A
777 4004 811 4057 23
833 4001 945 4070 preinde
968 4003 995 4055 Β
1066 4002 1093 4054 01
1111 3999 1260 4067 diligendae

116 4107 169 4146 ona.
193 4089 220 4142 A
290 4090 325 4143 24
347 4088 543 4142 delicatissimis
569 4089 678 4158 ABorp,
707 4086 922 4141 delectatissimis
949 4089 977 4142 B
1047 4089 1080 4141 25
1108 4102 1161 4138 non
1188 4087 1260 4155 ipsae

116 4176 314 4243 dispungentur
331 4194 381 4231 om.
394 4177 421 4230 A
475 4178 509 4230 26
527 4179 554 4229 01
571 4194 622 4232 ont.
635 4176 662 4229 A
715 4174 737 4227 si
755 4192 806 4229 000.
823 4175 851 4228 Β
905 4173 1030 4227 meritum
1043 4174 1070 4226 A
1124 4176 1156 4229 27
1177 4172 1261 4226 (100111

116 4262 403 4316 sensus—meritorum
425 4281 476 4318 om.
496 4264 524 4316 A
593 4265 627 4318 28
650 4262 925 4315 uertit—animarum
949 4279 999 4317 om.
1020 4262 1047 4314 A
1118 4259 1209 4313 aedem
1228 4277 1262 4315 ea

116 4348 227 4403 caedam
245 4351 272 4404 A

1053 4431 1103 4484 28*
1306 4446 1313 4485 1
