2820 4914
503 376 535 430 X.
554 376 599 430 De
617 377 724 430 anima
741 379 852 432 45-46.
1185 377 1248 442 375

107 550 166 615 hoc
196 570 319 634 quoque
350 552 469 634 operari
499 552 537 615 de
568 570 624 617 suo
655 553 789 635 proprio,
819 555 855 616 ut
885 552 929 616 sic
960 550 1049 616 nobis
1078 552 1249 636 sapientiae

106 656 260 739 imagines
284 656 408 736 inferat,
432 656 695 738 quemadmodum
719 659 751 720 et
773 657 894 721 erroris.

151 758 205 824 46.
221 760 300 824 licce
323 779 431 824 rursus
453 779 602 844 urgemur
626 761 816 825 sententiam
839 762 876 824 de
898 760 1037 844 ipsorum
1058 759 1250 824 somniorum

107 868 289 946 retractatu,
321 865 433 947 quibus
458 865 561 930 anima
584 865 727 946 iactatur,
752 866 932 950 exprimere.
979 868 1011 929 et
1034 866 1157 947 quando
1180 884 1250 948 per-

108 970 273 1034 ueniemus
307 970 346 1034 ad
379 972 535 1034 mortem?
592 974 623 1034 et
653 970 704 1034 hic
734 971 877 1035 dixerim:
912 989 984 1034 cum
1015 970 1090 1034 deus
1121 959 1249 1050 dederit,
1288 997 1302 1036 s

108 1075 215 1138 nullae
237 1075 348 1157 longae
371 1092 477 1139 morae
502 1074 567 1138 eius
591 1075 673 1156 quod
697 1075 828 1139 eueniet.
864 1092 947 1139 uana
962 1075 995 1138 in
1011 1078 1112 1139 totum
1129 1076 1251 1138 somnia

107 1178 261 1261 Epicurus
284 1178 433 1243 iudicauit
454 1178 592 1243 liberans
609 1197 627 1243 a
643 1180 775 1262 negotiis
800 1179 997 1243 diuinitatem
1021 1181 1053 1243 et
1075 1178 1250 1242 dissolucns

109 1283 249 1347 ordinem
279 1302 383 1347 rerum
414 1287 445 1347 et
473 1283 506 1347 in
535 1283 719 1365 passiuitate
750 1283 855 1348 omnia
885 1300 1035 1367 spargens
1066 1285 1102 1347 ut
1124 1283 1251 1348 eucntui

110 1388 250 1471 exposita
281 1390 311 1451 et
340 1387 477 1451 fortuita.
533 1405 623 1469 porro
655 1388 681 1451 si
711 1388 755 1452 ita
787 1390 849 1469 est,
885 1405 956 1470 ergo
988 1387 1048 1452 erit
1077 1386 1189 1469 aliquis
1220 1389 1252 1451 cl

108 1492 251 1556 ueritatis
274 1495 415 1572 euentus,
447 1491 521 1573 quia
544 1510 606 1556 non
630 1492 714 1575 capit
737 1493 836 1556 solam
860 1510 930 1556 earn
944 1493 1081 1556 ¹euentui
1103 1490 1250 1555 omnibus
1278 1517 1303 1558 ιο

109 1595 215 1661 debito
239 1596 340 1660 eximi.
384 1596 542 1660 Homerus
566 1595 643 1660 duas
666 1600 772 1679 portas
796 1596 905 1661 diuisit
935 1596 1076 1678 somniis,
1106 1613 1251 1660 corneam

108 1700 262 1782 ueritatis,
292 1701 434 1765 fallaciae
465 1700 644 1765 eburneam.
689 1701 864 1784 perspicere
894 1703 942 1765 est
973 1700 1065 1782 enirn,
1095 1699 1251 1782 inquiunt,

108 1825 164 1889 per
195 1823 301 1886 cornu,
333 1803 409 1868 ebur
439 1808 544 1869 autem
575 1823 704 1869 caecum
728 1808 785 1869 est.
829 1803 1017 1870 Aristotcles
1040 1805 1157 1870 maiore
1181 1823 1252 1868 sen-

108 1909 243 1974 tentiam
273 1908 434 1973 mendacio
465 1910 598 1973 recitans
629 1910 771 1993 agnoscit
797 1912 828 1974 et
850 1928 970 1974 uerum.
1017 1908 1251 1974 Telmessenses

108 2014 197 2078 nulla
227 2013 349 2078 somnia
372 2016 535 2094 coronant,
566 2012 817 2078 imbecillitatem
841 2013 1072 2079 coniectationis
1095 2013 1250 2078 incusant.
1278 2039 1303 2080 ιε»

108 2117 179 2200 quis
210 2121 317 2181 autem
346 2120 412 2181 tam
444 2120 607 2182 extraneus
638 2118 852 2199 humanitatis
883 2121 920 2182 ut
949 2137 1011 2183 non
1034 2119 1171 2200 aliquam
1195 2119 1252 2182 ali-

108 2222 234 2304 quando
268 2221 423 2285 uisionem
456 2221 581 2286 fidelem
616 2222 767 2286 senserit?
824 2239 924 2306 pauca
957 2224 995 2287 de
1028 2221 1251 2306 insignioribus

107 2328 322 2410 perstringens
346 2327 478 2411 Epicuro
509 2327 659 2410 pudorem
690 2327 860 2410 imperabo.
905 2325 1063 2411 Astyages
1086 2326 1250 2391 Medorum

107 2435 254 2515 regnator
278 2432 358 2513 quod
381 2431 463 2495 filiae
478 2431 656 2495 Mandanae
679 2431 782 2495 adhuc
804 2431 934 2514 uirginis
957 2431 1095 2495 uesicam
1117 2431 1150 2495 in
1171 2431 1251 2495 dilu-

107 2537 235 2600 uionem
257 2535 353 2599 Asiae
383 2535 509 2599 fluxisse
532 2536 654 2599 somnio
677 2535 801 2616 uiderit,
831 2535 1009 2601 Herodotus
1033 2535 1141 2609 refert3
1172 2534 1249 2598 iem
1275 2560 1301 2600 so

61 2652 94 2704 5v
107 2658 190 2704 anno
218 2642 292 2723 post
322 2640 448 2723 nuptias
479 2639 545 2703 eius
566 2637 570 2723 Ι
592 2657 627 2703 ex
658 2638 759 2703 isdem
787 2639 864 2703 locis
895 2639 993 2703 uitem
1025 2642 1163 2703 exortam
1190 2639 1247 2703 tot‘

106 2745 201 2809 Asiae
232 2743 407 2808 incubasse.
460 2744 519 2808 hoc
549 2745 644 2808 etiam
675 2743 798 2808 Charon
828 2743 1060 2828 Lampsacenus
1089 2743 1248 2808 Herodoto

106 2849 191 2932 prior
220 2848 323 2912 tradit.
370 2847 423 2930 qui
450 2847 550 2916 lilium
574 2849 640 2912 eius
664 2851 750 2912 tanto
773 2848 859 2932 operi
882 2868 923 2909 rx
946 2847 1141 2931 interpretati
1164 2850 1248 2928 sunt,

106 2971 170 3017 non
200 2953 392 3027 fefellerunt3
425 2952 579 3034 siquidem
602 2952 713 3016 Asiam
737 2951 835 3036 Cyrus
866 2957 897 3016 et
928 2953 1037 3016 mersit
1068 2951 1246 3034 obpressit.

105 3057 269 3141 Philippus
299 3056 430 3121 Macedo
461 3056 599 3121 nondum
629 3060 717 3140 pater
743 3056 937 3140 Olympiadis
969 3056 1072 3120 uxoris
1102 3059 1248 3120 naturam
1275 3083 1301 3122 25

106 3160 305 3245 obsignatam
337 3180 404 3225 esse
436 3160 559 3226 uiderat
588 3151 692 3242 anulo,
723 3163 771 3226 leo
803 3165 870 3230 erat
893 3163 1028 3245 signum.
1074 3161 1248 3226 crediderat

105 3267 303 3350 praeclusam
325 3266 512 3350 genituram,
545 3266 677 3350 (opinor,
701 3268 774 3349 quia
795 3267 843 3332 leo
868 3268 965 3332 semel
987 3269 1076 3349 pater
1099 3265 1175 3350 estlz
1206 3287 1247 3328 aa

105 3370 326 3435 Aristodemus
350 3371 401 3434 uel
423 3368 615 3454 Aristophon
639 3371 818 3436 coniectans
834 3371 931 3437 immo
947 3371 1026 3435 nihil
1040 3389 1176 3435 uacuum
1192 3370 1247 3435 ob-

212 3507 239 3577 7]
259 3506 293 3561 cf.
306 3507 413 3576 Epicur.
426 3506 459 3561 fr.
471 3509 523 3563 328
540 3507 620 3562 Usen.
680 3508 724 3578 12]
743 3508 776 3564 cf.
789 3508 869 3564 Hom.
883 3507 932 3563 od.
945 3507 1010 3562 XIX
1023 3509 1074 3564 562
1087 3523 1142 3577 sqq.
1200 3507 1245 3578 20]

107 3593 140 3648 cf.
153 3594 252 3649 Herod.
266 3594 280 3648 I
300 3597 357 3650 107.
373 3597 430 3651 108.

149 3718 165 3771 3
184 3715 344 3771 sententiam
361 3717 473 3786 scripsi:
491 3716 571 3771 etiam
590 3718 626 3786 A,
645 3719 672 3771 et
687 3717 743 3770 iam
760 3718 788 3772 B
856 3719 874 3772 4
891 3716 1049 3786 retractatu]
1067 3716 1181 3770 ueritate
1200 3718 1246 3769 aut

105 3805 204 3857 euentu
220 3806 284 3873 fort.
348 3819 498 3873 expromere
515 3821 589 3873 susp.
606 3804 731 3860 chicrcs
793 3803 870 3873 aut]
889 3807 915 3858 et
933 3805 961 3860 A
1020 3805 1052 3858 12
1071 3801 1200 3857 eburnam
1217 3804 1245 3859 A

104 3890 252 3961 perspicere
270 3891 380 3960 scripsi:
399 3891 527 3959 respicere
545 3892 600 3945 AB
672 3893 704 3946 13
723 3892 812 3944 autern
830 3909 881 3947 ori.
894 3891 921 3944 A
991 3889 1118 3943 maiorem
1140 3892 1245 3958 partem

105 3978 305 4032 mendaciorum
324 3977 408 4032 citans
426 3980 489 4047 fort.
544 3977 767 4033 sententiamcm.
781 3979 808 4032 A
863 3980 894 4033 14
911 3976 1087 4031 mendatioA
1140 3977 1163 4030 ei
1180 3977 1245 4030 reci-

104 4068 165 4118 tans
178 4066 206 4118 B
262 4066 354 4118 deram
371 4065 434 4134 Rip,
453 4080 516 4117 uera
533 4066 597 4133 fort.
650 4066 682 4118 21
696 4063 801 4116 hisdem
813 4065 848 4134 B,
867 4063 985 4117 eiusdem
1005 4064 1070 4118 Scai
1123 4065 1157 4118 23
1174 4063 1245 4116 tanti

104 4152 191 4220 operis
203 4153 275 4221 Brnp
328 4153 455 4208 locutam
472 4152 596 4221 sippcui:
614 4152 683 4205 talio
695 4152 751 4219 fere
764 4151 819 4204 fore
831 4167 922 4219 parem
934 4151 1035 4206 omissa
1046 4156 1109 4205 sunt
1162 4149 1244 4203 inter-

104 4239 203 4309 pretati
224 4240 252 4293 A
305 4240 339 4293 24
360 4237 458 4309 pressit
478 4239 506 4292 A
558 4240 592 4292 26
613 4237 781 4304 obsignatam
802 4255 857 4292 esse
878 4238 990 4306 scripsi:
1015 4236 1168 4305 obsignasse
1189 4238 1244 4290 AB

105 4325 179 4379 uisus
189 4328 246 4379 erat
256 4326 320 4381 Scal
356 4327 388 4379 27
399 4327 526 4382 iamiam
534 4325 659 4394 sipoaui:
669 4323 823 4378 aduersatus
834 4327 874 4379 est
882 4326 925 4380 acl
933 4325 1022 4380 simile
1031 4324 1097 4394 quid
1105 4323 1244 4379 intercidit
