2820 4914
452 405 497 458 VI.
516 404 561 457 De
578 405 728 458 oratione
745 407 787 460 22.
1130 404 1192 469 195

10 558 201 642 ῐὶ11111111
228 579 330 660 ipsam
358 580 466 643 docere
492 580 661 644 uelandum
683 580 808 644 feminis
832 598 914 660 esse,
942 597 1021 661 quae
1044 581 1193 662 capillum

20 666 115 747 1³10
132 687 312 766 tegumento
333 687 364 747 et
383 688 564 749 ornamento
585 686 767 749 mulieribus
788 685 963 768 assignarit,
987 703 1090 749 nonne
1109 686 1193 749 idem

37 765 276 872 tsagramentum
297 793 328 853 et
347 789 431 853 idem
446 791 544 853 honor
559 789 670 871 capitis
686 789 859 873 uirginibus
879 807 1001 870 qnoque
1018 790 1192 872 adscriptus

47 893 126 956 Qst?
169 893 196 957 si
218 893 342 957 mulieri
364 897 454 975 turpe
477 897 526 957 est
547 894 624 974 radi,
653 898 684 958 et
706 894 822 976 uirgini
843 893 979 976 perinde.
1025 893 1057 957 in
1081 893 1192 975 quibus

60 1005 130 1079 crgo
152 1015 216 1061 una
238 998 375 1062 condicio
398 998 508 1081 capitis
536 998 717 1080 deputatur,
745 1016 807 1062 una
835 1001 866 1061 et
893 997 1057 1080 disciplina
1084 999 1192 1080 capitis
1232 1024 1244 1061 ⁵

62 1101 199 1184 exigitur,
221 1103 316 1165 etiam
337 1103 447 1166 adeas
468 1103 616 1186 uirgines,
637 1121 715 1184 quas
735 1102 868 1186 pueritia
887 1102 1037 1176 defendit;
1061 1103 1193 1184 aprime

64 1205 141 1269 onim
169 1206 288 1270 femina
319 1208 479 1271 nominata
508 1211 564 1271 est.
615 1208 660 1271 sic
687 1208 820 1289 denique
851 1211 882 1271 et
912 1207 1010 1270 Israel
1037 1206 1192 1270 obseruat.

61 1310 111 1374 sed
133 1310 160 1374 si
183 1327 246 1373 non
269 1310 459 1392 obseruaret‚
487 1315 595 1376 nostra
616 1313 662 1375 lex
686 1312 834 1393 ampliata
857 1314 949 1392 atque
976 1311 1119 1392 suppleta
1142 1311 1194 1374 de-

60 1414 199 1479 fenderet
229 1415 290 1479 sibi
321 1416 535 1480 adiectionem.
596 1417 769 1500 uirginibus
800 1434 920 1497 quoque
950 1415 1079 1478 iniciens
1110 1416 1194 1479 uela-

56 1522 201 1583 mentum
229 1524 400 1584 excusetur.
451 1539 534 1584 nunc
563 1523 662 1602 actae,
694 1539 772 1602 quae
804 1539 912 1584 sexum
942 1539 1035 1583 suum
1062 1521 1193 1602 ignorat,
1221 1548 1245 1585 ro

56 1623 267 1704 simplicitatis
296 1624 497 1707 priuilegium
527 1628 640 1688 teneat.
687 1643 761 1688 nam
790 1628 821 1688 et
843 1624 910 1687 Eua
938 1627 970 1687 et
991 1623 1110 1703 Adam,
1140 1623 1195 1687 ubi

55 1727 99 1791 eis
130 1728 262 1812 contigit
291 1747 413 1812 sapere,
444 1733 588 1793 texerunt
619 1730 725 1793 statim
752 1730 835 1811 quod
864 1732 1065 1813 agnouerant.
1112 1732 1193 1792 certe
1306 1724 1310 1729 ’

54 1832 88 1895 in
115 1832 230 1915 quibus
257 1833 319 1897 iam
346 1834 480 1916 pueritia
505 1834 656 1913 mutauit,
687 1835 767 1897 sicut
796 1836 939 1914 naturae,
970 1833 1014 1897 ita
1045 1837 1076 1896 et
1103 1833 1194 1896 disci-

54 1935 160 2017 plinae
184 1936 276 2001 debet
299 1941 385 2001 aetas
409 1957 477 2002 esse
501 1937 658 2001 munifica.
704 1955 778 2000 nam
805 1941 836 2001 et
860 1937 1009 2001 membris
1033 1940 1065 2000 et
1088 1936 1194 1999 officiis

55 2039 242 2104 mulieribus
264 2041 472 2124 resignantur.
518 2043 605 2105 nulla
627 2042 716 2124 uirgo
740 2044 787 2104 est
809 2061 845 2105 ex
866 2059 925 2123 quo
946 2044 1050 2123 potest
1068 2041 1195 2120 nubere,
1223 2067 1246 2106 15

55 2145 207 2226 quoniam
236 2149 322 2226 aetas
353 2147 416 2209 iam
446 2147 478 2210 in
509 2165 546 2210 ea
576 2147 683 2229 nupsit
712 2163 768 2210 sno
799 2146 880 2225 uiro,
914 2145 945 2208 id
976 2148 1024 2208 est
1053 2145 1194 2227 tempori.

54 2248 112 2311 sed
135 2248 241 2330 aliqua
262 2269 295 2313 se
319 2250 376 2315 deo
398 2251 495 2315 uouit.
541 2255 649 2315 tamen
672 2254 703 2314 et
725 2251 842 2313 crinem
866 2249 974 2313 exinde
994 2249 1197 2331 transfigurat

55 2356 89 2416 et
116 2370 242 2417 omnem
269 2354 412 2419 habitum
441 2356 479 2419 ad
507 2356 645 2419 mulieris
673 2355 835 2418 conuertit.
880 2358 981 2418 totum
1012 2372 1083 2437 ergo
1112 2372 1196 2417 asse-

55 2461 146 2521 neret
165 2461 198 2521 et
217 2461 318 2523 totum
338 2459 470 2542 uirginis
489 2463 644 2541 praestet:
668 2459 749 2540 quod
768 2462 894 2541 propter
914 2459 1007 2522 doum
1026 2457 1195 2537 abscondit,

54 2563 148 2644 plene
177 2561 352 2656 obumbret.
401 2565 532 2628 interest
555 2567 675 2644 nostra,
707 2564 788 2645 quod
812 2563 860 2627 dei
883 2564 984 2645 gratia
1010 2565 1196 2642 exerceatur,
1223 2589 1247 2626 oo

54 2667 155 2731 solius
179 2667 228 2731 dei
250 2669 457 2732 conscientiae
481 2669 709 2748 commendare,
733 2687 782 2748 ne,
806 2668 888 2749 quod
908 2686 926 2731 a
946 2668 1001 2731 deo
1025 2685 1196 2748 speramus,

55 2770 97 2834 ab
121 2771 247 2836 homine
270 2790 518 2856 compensemus.
562 2773 636 2854 quid
657 2773 794 2835 denudas
819 2775 891 2836 ante
911 2772 1004 2835 deum
1024 2771 1105 2853 quod
1125 2774 1197 2834 ante

54 2875 202 2939 homines
225 2877 327 2959 tegis?
365 2877 567 2941 uerecundior
587 2878 647 2941 eris
670 2877 701 2940 in
725 2876 848 2959 publico
872 2894 966 2958 quam
989 2876 1022 2938 in
1045 2875 1197 2939 ecclesia?

55 2979 84 3042 si
105 2978 154 3041 dei
168 2981 270 3063 gratia
286 2984 344 3062 est,
365 2985 397 3045 et
417 2983 611 3064 accepisti,
637 2981 724 3063 quid
744 2981 937 3065 gloriatio,
958 2981 1068 3062 inquit,
1093 2980 1198 3062 quasi

55 3101 130 3147 non
164 3087 374 3168 acceperis?
434 3087 508 3168 quid
538 3088 615 3151 alias
646 3087 852 3150 ostentatione
884 3086 930 3149 tui
961 3086 1102 3149 indicas?
1159 3103 1198 3148 an
1224 3111 1249 3150 25

56 3187 136 3252 alias
163 3189 263 3272 gloria
289 3193 344 3253 tna
371 3190 410 3254 ad
432 3189 549 3255 bonum
577 3191 715 3254 inuitas?
761 3191 845 3272 atqui
872 3193 903 3253 et
925 3191 993 3272 ipsa
1015 3189 1198 3272 periclitaris

56 3292 213 3373 amittere,
237 3295 264 3357 si
286 3295 436 3378 gloriaris,
462 3299 494 3359 et
516 3296 592 3360 alias
617 3296 655 3359 ad
678 3295 786 3359 eadem
808 3295 946 3376 pericula
966 3295 1062 3377 cogis.
1107 3294 1199 3358 facile

163 3571 209 3641 21]
229 3570 262 3626 cf.
277 3575 290 3627 1
304 3571 363 3628 Cor.
378 3575 418 3637 11,
433 3574 473 3628 14.
540 3572 586 3640 24]
607 3573 620 3626 1
640 3570 737 3635 0114,
751 3574 775 3626 7.

107 3832 251 3888 lfeminas
269 3832 396 3886 uelandas
415 3834 587 3889 Muratorius
657 3832 823 3900 3ascriptus
842 3833 871 3885 D
940 3832 1083 3900 iperinde
1101 3833 1198 3886 Murro-

56 3921 160 3976 ton'ue:
177 3920 288 3989 proinde
306 3922 336 3975 D
389 3922 420 3975 11
441 3936 491 3992 ena
508 3921 538 3974 D
592 3922 624 3975 12
642 3922 782 3973 texuerunt
800 3920 971 3974 Muratorc'us
1025 3921 1058 3973 13
1075 3919 1129 3970 iarn
1147 3936 1197 3973 om.

56 4008 234 4064 Muratooiuc
288 4010 319 4063 17
338 4007 440 4076 tamen]
459 4007 514 4059 iam
526 4008 698 4063 Muratoriue
752 4009 784 4062 18
798 4006 920 4059 mulieres
933 4008 962 4060 D
975 4023 1041 4062 corr.
1091 4008 1198 4073 19111-

57 4096 115 4148 stet
132 4096 162 4148 D
214 4097 247 4150 20
265 4094 344 4164 plane
362 4096 538 4150 Muratorius
596 4098 744 4147 exerceatur
762 4095 873 4163 scripsi:
892 4094 1009 4145 exerceat
1026 4093 1063 4160 D,
1082 4107 1198 4144 exercea-

58 4198 176 4258 11111111ἱ
209 4184 243 4237 23
262 4181 404 4253 1111111Β
455 4183 666 4238 25110Dcorr.
721 4181 896 4234 ostentatione
910 4181 1095 4235 Muratooiuc:
1112 4181 1199 4231 osten-

58 4269 133 4323 tione
155 4270 192 4336 D,
219 4269 367 4322 ostensione
394 4268 520 4324 chlcrus
590 4272 623 4325 27
647 4269 769 4321 amittere
792 4269 979 4322 Muratoro‘us:
1007 4266 1147 4319 admittere
1170 4267 1200 4320 D

58 4355 153 4409 eadem
172 4357 359 4412 Mrorctooiua:
377 4354 435 4408 eidi
452 4357 482 4410 D
534 4356 651 4424 pericula
669 4356 856 4411 Murotorias:
874 4354 997 4422 periculis
1016 4355 1045 4408 D

996 4441 1042 4492 13*
