2820 4914
162 391 226 454 304
397 390 509 455 Quinti
529 389 666 458 Septimi
685 389 851 442 Florentia
870 388 1071 443 Tertulliani

162 565 280 630 hahent
310 565 476 648 aliquando
507 570 538 630 ct
567 565 760 648 passiuitatis
792 565 986 631 commercia.
1033 564 1118 647 capit
1142 564 1232 645 itaque
1249 567 1270 625 et

161 670 314 734 facturam
344 671 527 752 prouenisse
549 671 638 752 poni,
668 669 820 752 siquidem
843 688 935 735 omne
958 669 1040 751 quod
1065 667 1270 751 quoquomodo
1316 698 1319 753 1

162 774 274 855 accipit
296 794 364 838 esse
389 778 567 858 generatur.
602 793 676 838 narn
700 778 731 838 et
754 774 853 838 factor
876 775 942 856 ipse
962 791 1077 856 parens
1102 773 1173 837 fact‘
1196 775 1272 856 potest

162 879 235 952 dici3
268 878 311 942 sic
341 883 373 942 et
395 879 484 943 Plato
513 879 619 943 utitur.
665 879 769 962 igitur,
793 882 947 960 quantum
970 879 1009 942 ad
1032 877 1128 941 fidem
1151 880 1272 953 nostran,
1317 906 1319 911 ·

121 1015 134 1054 5
161 983 261 1047 factae
290 986 420 1048 nataeue
444 985 576 1048 animae.
621 984 751 1066 depulsa
775 987 822 1047 cst
843 982 1021 1066 philosophi
1044 982 1147 1065 opinio
1170 980 1273 1044 auctori·

161 1092 225 1151 tate
248 1089 429 1171 prophetiae
452 1107 583 1170 quoque.
1274 1142 1275 1147 ,

203 1191 233 1256 5.
250 1192 449 1256 Accerserint
464 1192 623 1256 Eubulum
646 1193 782 1274 aliquem
806 1196 836 1256 et
852 1191 1020 1256 Critolaum
1045 1195 1077 1255 et
1092 1191 1275 1254 Xenocratem

161 1300 191 1360 et
219 1297 278 1360 isto
302 1298 334 1361 in
357 1298 424 1362 loco
447 1298 583 1361 amioum
606 1298 746 1361 Platonis
769 1295 982 1361 Aristotelem.
1029 1296 1164 1360 fortasse
1186 1314 1219 1358 an
1238 1313 1274 1357 er·

160 1405 320 1465 struentnr
350 1403 450 1484 magis
479 1403 517 1465 ad
540 1402 742 1465 auferendam
767 1401 890 1466 animae
914 1400 1159 1484 corpulentiam,
1188 1400 1211 1465 si
1229 1417 1273 1462 non

109 1538 134 1575 10
161 1507 236 1570 alios
261 1506 454 1569 econtrario
485 1507 676 1588 inspexerint
706 1510 737 1570 et
764 1506 889 1587 quidem
913 1506 1017 1588 plures
1041 1523 1154 1588 corpus
1177 1504 1274 1568 animae

160 1610 364 1674 uindicantes.
411 1629 467 1674 nec
498 1611 567 1674 illos
600 1611 667 1675 dico
696 1611 778 1675 solos
802 1611 856 1692 qui
879 1628 949 1674 eam
973 1610 1010 1674 de
1034 1609 1207 1675 manifestis
1227 1625 1274 1670 cor-

159 1715 318 1796 poralibus
342 1714 506 1798 effingunt,
539 1719 573 1778 ut
594 1716 793 1798 Hipparchus
825 1719 857 1779 et
882 1716 1062 1779 Heracths
1093 1734 1131 1779 ex
1160 1714 1228 1798 igni,
1251 1712 1275 1773 ut

159 1820 285 1902 Hippon
309 1824 340 1883 et
363 1820 477 1883 Thales
506 1838 541 1882 ex
565 1838 659 1901 aqua,
691 1823 727 1883 ut
748 1819 952 1902 Empedocles
976 1823 1008 1883 ct
1032 1818 1146 1884 Critias
1169 1837 1202 1881 ex
1222 1835 1274 1881 san·

159 1924 262 2005 guine,
286 1929 321 1987 ut
335 1925 488 2006 Epicurus
512 1943 547 1987 ex
571 1924 695 2004 atomis,
719 1925 746 1988 si
770 1929 800 1988 et
824 1925 920 1988 atomi
935 1924 1148 2007 corpulentias
1164 1924 1198 1987 de
1213 1922 1274 1985 coito

108 2058 132 2095 15
160 2046 215 2091 suo
243 2032 373 2111 cogunt,
405 2032 440 2092 ut
462 2028 616 2092 Critolaus
641 2033 671 2092 et
694 2029 892 2111 Peripatetici
915 2029 980 2093 eins
1004 2048 1041 2092 cx
1064 2029 1173 2111 quinta
1193 2025 1274 2091 nescio

159 2150 221 2212 qua
243 2132 428 2213 substantia,
452 2133 478 2195 si
502 2137 532 2196 et
555 2133 610 2196 illa
632 2151 754 2216 corpus,
778 2134 850 2214 quia
873 2151 1000 2216 corpora
1021 2133 1165 2214 includit,
1186 2127 1275 2195 -sed

159 2237 254 2299 etiarn
278 2235 396 2301 Stoicos
420 2238 529 2320 allego,
555 2239 608 2319 qui
631 2238 775 2320 spiritum
798 2238 1012 2319 praedicantes
1037 2238 1178 2302 animam
1199 2250 1275 2320 paene

159 2339 331 2421 nobiscum,
355 2359 417 2422 qua
438 2342 579 2423 proxima
601 2342 682 2405 inter
698 2361 731 2405 se
746 2340 838 2405 flatus
856 2346 887 2406 et
902 2342 1039 2423 spiritus,
1063 2346 1172 2407 tamen
1187 2356 1275 2424 corpus

159 2446 297 2508 animam
320 2446 409 2509 facile
432 2446 674 2528 persuadebunt.
711 2446 843 2527 denique
867 2445 948 2510 Zeno
971 2447 1131 2511 consitum
1154 2448 1278 2530 spirituo

106 2580 132 2618 ρο
159 2550 309 2613 definiens
340 2550 478 2614 animam
509 2551 567 2614 hoc
598 2550 688 2614 modo
719 2551 854 2614 instruit.
904 2568 979 2631 quo,
1010 2550 1129 2633 inquit,
1160 2552 1278 2635 digresso

159 2655 273 2718 animal
306 2655 468 2734 emoritur,
499 2673 610 2736 corpus
643 2657 703 2718 est:
734 2655 852 2719 consito
883 2658 989 2718 autom
1021 2655 1136 2736 spiritu
1160 2656 1280 2739 digresso

159 2761 275 2823 animal
306 2760 464 2840 emoritur,
496 2777 569 2843 crgo
599 2759 737 2823 consitus
769 2759 895 2841 spiritus
926 2777 1038 2841 corpus
1066 2763 1130 2835 est3
1162 2761 1281 2826 cons'tos

159 2868 264 2937 autem
295 2865 424 2947 spiritus
456 2864 561 2927 anima
592 2867 652 2943 est,
685 2881 757 2946 ergo
788 2881 898 2946 corpus
930 2867 977 2927 est
1007 2863 1124 2928 anima.
1172 2866 1239 2929 uult
1260 2865 1282 2927 ct

159 2967 324 3032 Cleanthes
348 2987 410 3033 uon
434 2970 535 3033 solum
559 2969 694 3052 corporis
717 2969 927 3048 lineamentis
951 2968 1006 3031 sed
1028 2973 1060 3033 et
1076 2970 1201 3034 animae
1217 2969 1283 3034 notis

106 3102 131 3139 25
158 3073 394 3138 similitudinem
417 3072 600 3157 parentibus
623 3074 655 3136 in
674 3072 745 3137 filiis
761 3073 957 3155 respondere,
981 3073 1018 3136 de
1035 3075 1164 3155 speculo
1181 3073 1284 3138 scilicet

158 3195 280 3241 morum
309 3183 340 3242 et
363 3179 557 3262 ingeniorum
581 3181 613 3240 ot
636 3177 829 3258 adfectuum,
860 3177 995 3259 corporis
1018 3180 1126 3241 autem
1150 3178 1285 3242 similitu·

158 3281 261 3345 dinem
285 3287 316 3347 et
339 3282 624 3346 dissimilitudinem
647 3299 756 3363 capere
780 3284 811 3344 ct
834 3281 982 3345 animam.
1027 3282 1133 3363 itaque
1161 3281 1284 3366 corporis

157 3387 353 3451 similitudini
376 3388 427 3451 uel
451 3385 693 3451 dissimilitudini
716 3384 891 3449 obnoxiam.
936 3385 1061 3448 interim
1089 3387 1286 3470 corporalium

158 3495 188 3556 et
217 3491 457 3574 incorporalium
487 3491 648 3574 passiones
672 3490 753 3553 inter
777 3509 809 3552 sc
833 3506 895 3553 non
919 3490 1161 3555 communicare.
1205 3506 1285 3574 porro

104 3624 130 3663 eo
157 3600 187 3660 ct
210 3597 348 3660 animam
372 3597 508 3679 compati
531 3594 661 3678 corpori,
689 3593 738 3656 cui
760 3594 845 3657 laeso
868 3594 981 3658 ictibus
1004 3595 1190 3661 uulneribus
1212 3597 1286 3660 ulee-

261 3759 304 3830 19]
324 3759 357 3813 cf.
376 3759 453 3828 Diog.
472 3759 502 3813 L.
517 3757 569 3812 VH
589 3760 646 3813 156.
700 3757 746 3826 24]
766 3757 799 3812 cf.
819 3755 924 3811 Nemes.
945 3757 977 3811 de
995 3760 1049 3812 nat.
1068 3758 1142 3812 hom.
1161 3777 1187 3828 p.
1206 3761 1238 3814 32
1253 3773 1285 3825 sq.

155 3847 199 3915 (76
211 3863 249 3915 sq.
268 3847 383 3916 Matthl.

197 3999 214 4051 2
231 3995 384 4065 prouenisse
406 3994 545 4049 Ochtcras:
562 4009 609 4062 pro
628 3993 712 4046 inesse
724 3993 760 4062 B,
777 4008 825 4060 pro
844 3992 917 4046 nasci
929 3993 1009 4061 Pom,
1027 3991 1081 4046 dici
1099 3993 1228 4061 generari,
1244 4007 1286 4062 pro

155 4084 182 4136 in
205 4100 261 4137 esse
284 4085 342 4150 Urs,
365 4081 474 4151 perinde
497 4097 551 4133 esse
570 4082 713 4135 Hoc-teliaci
767 4079 960 4134 iaccerserint
977 4081 1091 4148 scripsi:
1108 4080 1285 4134 accerseritB

154 4174 188 4226 20
202 4171 320 4239 digresso
333 4171 396 4224 add.
412 4171 461 4224 sec
514 4169 547 4222 22
566 4167 675 4236 spiritus
690 4168 753 4222 Cel:
770 4170 860 4220 autem
879 4166 987 4235 spiritus
1005 4168 1032 4222 B
1086 4169 1119 4223 24
1132 4166 1286 4223 CleantesB

154 4261 187 4312 25
205 4258 268 4311 filiis
286 4261 354 4313 hia:
376 4256 445 4309 filios
464 4256 490 4309 B
560 4257 594 4309 27
613 4253 728 4322 corporis
746 4255 858 4322 scripsi:
880 4269 974 4322 corpus
997 4254 1025 4308 Β
1090 4256 1130 4309 28
1154 4253 1286 4307 obnoxiam

153 4347 265 4413 scripsi:
282 4344 424 4398 obnoxium
444 4344 470 4397 B
524 4342 630 4394 interim
648 4343 761 4409 scripsi:
779 4341 843 4394 item
863 4341 890 4395 B
