2820 4914
162 356 226 418 314
389 357 502 422 Quinti
522 358 659 427 Septimi
679 359 846 414 Florentio
864 361 1069 416 Tertulliani

163 533 296 614 metipso
319 551 379 597 non
403 552 505 617 egere.
540 534 599 598 hoo
623 537 705 599 enim
729 537 916 620 respondere
940 537 1078 620 debebo,
1094 543 1120 605 si
1146 561 1210 606 non
1224 543 1304 606 idem

163 640 210 701 est
240 638 357 719 spirare
388 639 470 720 quod
501 639 616 702 uiuere.
662 641 717 703 sed
748 642 863 706 mortui
894 643 952 706 orit
972 661 1039 726 ‚non
1063 663 1159 729 egere
1182 646 1301 710 fletum:

162 761 234 825 ergo
265 742 400 806 uiuentis
430 747 477 806 est
507 761 599 826 agere
629 743 748 808 flatum.
796 746 850 809 sed
884 750 916 811 et
949 748 1097 830 spirantis
1134 754 1183 814 est
1216 769 1299 834 agere

59 914 62 922 Δ
161 846 285 910 flatum:
311 866 384 930 ergo
408 850 439 910 et
463 848 580 929 spirare
604 849 739 913 uiuentis
764 853 822 914 est.
867 855 1034 933 utrumque
1058 854 1085 917 si
1108 854 1178 918 sine
1201 857 1297 919 anima

122 976 135 1014 ⁵
162 953 324 1015 decurrere
347 953 510 1034 potuisset,
535 971 595 1017 nou
616 954 728 1017 fuisset
744 954 867 1018 animae
884 956 1012 1037 spirare,
1036 957 1091 1021 sed
1108 960 1295 1024 solummodo

161 1057 277 1120 uiuere.
313 1060 346 1121 at
370 1057 453 1120 enim
476 1057 582 1121 uiuere
607 1059 723 1141 spirare
748 1063 796 1122 est
819 1063 851 1124 et
874 1060 990 1142 spirare
1013 1061 1122 1125 uiuere
1139 1067 1195 1128 est.
1230 1082 1293 1147 ergo

162 1163 262 1225 totum
285 1161 344 1224 hoo
368 1166 398 1225 et
421 1163 538 1244 spirare
563 1167 593 1226 et
616 1164 721 1227 uiuere
746 1164 812 1227 eius
837 1169 885 1229 est
908 1159 996 1229 ouius
1019 1171 1051 1230 et
1070 1168 1188 1248 uiuere,
1210 1169 1293 1232 idest

161 1266 292 1329 animae.
340 1266 471 1348 denique
503 1268 529 1331 si
560 1286 686 1350 separas
718 1269 862 1352 spiritum
893 1275 925 1334 et
954 1271 1109 1352 enimam,
1141 1291 1248 1355 separe
1269 1277 1293 1337 et

161 1388 264 1453 opera.
311 1373 407 1453 agant
429 1372 460 1434 in
484 1372 615 1436 disereto
639 1372 757 1455 aliquid
780 1373 882 1455 embo,
911 1393 1052 1439 seorsum
1075 1375 1196 1457 anime,
1220 1396 1292 1442 soor-

109 1501 134 1539 ιο
161 1494 231 1539 sum
263 1475 405 1557 spiritum
437 1477 543 1541 anima
573 1478 640 1541 sine
671 1478 782 1561 spiritu
813 1479 914 1559 uiuat,
947 1479 1075 1562 spiritus
1108 1481 1176 1544 sine
1200 1483 1292 1546 anime

161 1580 272 1662 spiret3
305 1580 439 1644 altemm
462 1582 619 1664 relinquet
642 1600 780 1666 corporo,
812 1584 945 1647 alterum
967 1587 1142 1667 remaneat,
1166 1589 1292 1650 merset

160 1687 226 1748 uita
258 1685 457 1749 conueniant.
504 1687 528 1749 si
561 1687 644 1750 enim
668 1688 728 1750 duo
753 1691 826 1752 sunt
849 1689 954 1752 anima
977 1693 1009 1752 ot
1032 1690 1177 1772 spiritus,
1209 1691 1291 1754 diuidi

160 1794 302 1872 possunt,
327 1795 361 1854 ut
384 1791 534 1855 diuisione
558 1810 666 1855 eorum
690 1793 817 1857 alterius
835 1793 1032 1875 discedentis,
1057 1795 1188 1859 artorius
1204 1796 1291 1859 imne-

160 1895 280 1974 nentis,
313 1896 420 1958 mortis
452 1899 484 1959 et
513 1897 597 1960 uitae
627 1915 798 1960 oonoursus
829 1897 963 1962 eueniet.
1010 1899 1065 1962 sed
1098 1900 1186 1964 nullo
1213 1901 1290 1964 modo

108 2021 133 2060 15
161 1999 297 2062 eueniet:
334 2019 407 2083 ergo
431 2000 491 2063 duo
515 2017 575 2063 non
601 2005 706 2080 erunt,
737 2020 817 2082 quoe
841 2002 936 2065 diuidi
959 2020 1021 2066 non
1044 2008 1195 2085 possunt,
1224 2023 1290 2086 quae

161 2103 254 2166 diuidi
277 2107 416 2186 possent,
441 2105 467 2168 si
491 2106 551 2169 duo
575 2105 718 2169 fuissent.
755 2106 808 2169 sed
831 2107 905 2170 lieet
927 2110 959 2170 et
981 2108 1041 2172 duo
1062 2126 1133 2172 esse
1149 2112 1288 2173 oonorete.

161 2207 216 2270 sed
247 2226 308 2271 non
340 2213 432 2272 erunt
462 2213 620 2289 concretu,
652 2209 679 2273 si
710 2209 792 2274 aliud
824 2214 872 2274 est
902 2211 1024 2291 uiuere,
1059 2212 1145 2275 aliud
1177 2213 1289 2295 spirare.

161 2312 360 2396 distinguunt
387 2313 581 2377 substantias
605 2322 707 2397 opera.
754 2318 784 2378 et
808 2319 923 2397 quanto
946 2334 1030 2379 nuno
1052 2314 1176 2380 firmius
1200 2319 1289 2381 estut

161 2435 260 2480 unum
284 2418 400 2497 eredas,
431 2437 502 2482 oum
527 2418 710 2483 distantiam
734 2438 796 2483 non
820 2420 874 2483 das
899 2424 933 2484 ut
956 2421 1024 2503 ipse
1047 2421 1089 2484 sit
1114 2422 1221 2485 anime
1240 2421 1289 2502 spi-

108 2545 133 2583 ro
159 2522 253 2602 ritus,
286 2522 361 2585 dum
393 2523 490 2604 ipsius
522 2527 571 2586 est
601 2523 718 2605 spirare
739 2521 743 2607 Ι
764 2525 850 2587 ouius
882 2528 913 2589 et
935 2526 1062 2588 uiuere?
1108 2526 1185 2607 quid
1208 2526 1331 2604 ennom

161 2627 187 2690 si
219 2627 301 2691 diem
332 2627 415 2691 aliud
445 2626 554 2691 haberi
585 2628 677 2707 nolio,
709 2628 793 2692 aliud
823 2629 941 2709 luoem,
973 2647 1051 2711 quae
1081 2631 1210 2695 socedat
1231 2629 1288 2707 diei,

160 2750 232 2794 oum
263 2732 327 2795 dies
359 2732 427 2813 ipsa
452 2732 505 2795 lux
528 2732 589 2795 sit?
634 2733 727 2815 plane
751 2737 844 2797 erunt
866 2737 897 2797 et
920 2733 982 2797 alia
1003 2751 1122 2818 genera
1144 2734 1237 2814 lueis,
1262 2735 1289 2795 ut

160 2856 196 2899 er
227 2837 348 2920 ignium
379 2836 561 2900 ministerio.
608 2841 699 2901 erunt
731 2837 815 2901 enim
846 2841 877 2902 et
907 2838 986 2902 aliae
1017 2838 1147 2920 spiritus
1176 2839 1289 2922 speeies,

160 2944 196 3004 ut
219 2961 255 3004 ex
278 2942 345 3022 deo,
369 2945 404 3005 ut
427 2961 462 3004 ex
487 2941 618 3005 diabolo.
657 2942 700 3005 ita
723 2959 795 3004 oum
819 2942 856 3025 de
880 2942 985 3006 anime
1008 2945 1039 3006 et
1063 2943 1176 3025 spiritu
1192 2943 1290 3026 agitur,

106 3066 132 3105 ιι
160 3045 227 3127 ipse
250 3045 307 3109 erit
330 3046 436 3109 anima
459 3045 597 3128 spirituo,
626 3045 798 3128 sicutipse
821 3046 887 3110 dies
910 3047 972 3110 lux.
1017 3046 1123 3128 ipsum
1148 3052 1197 3112 est
1219 3047 1291 3111 enim

159 3150 233 3231 quid
255 3169 310 3231 per
333 3151 414 3231 quod
437 3153 485 3214 est
507 3149 591 3231 quid.

204 3252 254 3317 11.
278 3252 337 3318 Sed
361 3257 397 3318 ut
425 3255 562 3318 animam
593 3253 738 3337 spiritum
769 3254 880 3335 dicam,
912 3254 1087 3337 praesentis
1110 3255 1292 3337 quaestionis

158 3359 236 3423 ratio
265 3359 438 3441 compellit,
469 3360 541 3441 quie
564 3359 681 3442 spirare
705 3359 757 3423 alii
780 3359 976 3423 substantiae
999 3359 1197 3424 adscribitur.
1242 3359 1293 3423 hoe

159 3464 234 3527 dum
258 3463 380 3527 animae
403 3465 610 3544 uindioamm,
634 3482 727 3545 quam
751 3463 941 3528 uniformem
965 3467 995 3527 et
1015 3464 1192 3546 simplicem
1208 3482 1293 3547 agno-

105 3589 131 3629 eo
160 3569 291 3648 seimus,
323 3569 468 3651 spiritum
498 3587 625 3633 neeesse
657 3572 705 3632 est
735 3572 820 3632 oerta
850 3568 1028 3632 eondioione
1051 3568 1209 3650 dieamus,
1239 3586 1292 3632 uon

201 3794 423 3850 3uiuentis—4
441 3811 503 3864 ergo
517 3796 607 3851 om.A
661 3794 731 3864 Asi]
750 3793 831 3848 sinA
845 3812 912 3851 corr.
967 3792 1034 3862 oet]
1053 3793 1076 3847 si
1092 3795 1161 3849 etB
1213 3796 1252 3847 est
1263 3793 1292 3859 A,

158 3883 180 3935 si
194 3884 229 3949 B,
248 3882 285 3935 sie
304 3883 376 3936 Pom
438 3882 499 3935 rid
519 3886 559 3936 est
576 3901 627 3938 oro.
646 3883 673 3936 A
731 3884 856 3950 8sepers
874 3883 901 3936 A
920 3899 987 3937 corr.
1051 3883 1078 3935 et
1095 3880 1215 3934 enimam
1238 3881 1293 3935 Urs:

158 3973 280 4023 naturam
299 3971 334 4036 B,
358 3971 453 4023 natura
475 3971 501 4023 A
575 3972 606 4025 13
624 3968 786 4022 immanentis
805 3969 840 4035 A,
864 3968 996 4022 monentis
1015 3971 1043 4023 B
1115 3970 1148 4024 15
1172 3984 1237 4036 quoe
1259 3966 1292 4018 di-

158 4056 255 4109 uidi-
269 4059 300 4110 17
325 4056 370 4109 sed
395 4072 447 4109 uon
471 4058 550 4109 erunt
573 4058 603 4111 io
626 4058 653 4110 B
678 4057 786 4112 noctuis
811 4057 918 4111 inclusa
987 4057 1106 4123 possunt,
1132 4071 1198 4123 quae
1218 4052 1292 4107 diuidi

158 4144 245 4199 orruB
291 4159 357 4211 quoe
368 4142 452 4196 diuidi
462 4145 657 4211 possent—17
671 4160 724 4195 nou
735 4144 813 4196 erunt
823 4160 873 4198 oro.
887 4143 936 4198 uer
984 4145 1016 4198 16
1029 4142 1052 4195 si
1062 4143 1096 4209 A,
1111 4144 1175 4196 etB
1221 4142 1293 4212 prius

158 4231 210 4284 duo
229 4231 328 4285 addidi
381 4234 408 4284 et
426 4248 476 4286 om.
491 4231 517 4284 B
573 4234 604 4286 18
624 4229 816 4297 distinguntA
870 4230 902 4284 21
918 4228 1060 4284 accidetB
1115 4232 1149 4284 22
1167 4227 1293 4298 planeeA

158 4318 200 4386 ut]
220 4319 311 4371 autA
365 4319 399 4373 23
419 4317 545 4386 *spiritus
564 4318 590 4371 A
644 4319 678 4372 30
697 4316 847 4371 eonditione
865 4317 892 4370 A
967 4373 970 4379 ,
