2820 4914
542 397 574 450 X.
593 380 637 449 De
655 397 760 450 anima
781 399 820 451 17.
1188 397 1251 462 325

104 573 231 654 ginant,
255 591 362 636 amara
385 577 458 637 sunt
480 573 594 636 omnia.
630 592 706 636 nurn
730 591 802 657 ergo
825 574 930 657 gustui
952 574 1250 655 praeuaricationem

107 677 311 761 exprobrabis
343 696 382 741 an
414 678 605 742 ualetudini?
651 697 759 742 omnes
790 678 894 758 itaque
925 696 1036 741 sensus
1068 683 1253 743 euertuntur

111 783 161 846 uel
185 783 472 847 circumueniuntur
492 783 530 846 ad
546 786 680 865 tempus,
704 786 739 846 ut
754 784 941 865 proprietate
956 783 1097 846 fallaciae
1113 788 1248 847 careant.

110 887 206 950 immo
238 888 299 950 iam
331 906 369 949 ne
399 887 475 969 ipsis
504 887 629 967 quidem
653 887 753 950 causis
778 886 1016 950 adscribendum
1040 891 1088 950 est
1109 888 1250 960 fallaciae

112 992 256 1074 elogium.
303 993 329 1054 si
360 991 444 1054 euim
473 992 593 1055 ratione
616 991 693 1055 haec
716 991 873 1070 accidunt,
904 993 981 1054 ratio
1004 992 1127 1055 fallacia
1148 992 1251 1072 perhi-
1290 1018 1303 1057 s

110 1095 176 1159 beri
200 1114 262 1159 non
286 1099 431 1160 meretur.
467 1097 549 1178 quod
573 1097 616 1159 sic
640 1096 706 1159 fieri
729 1099 860 1178 oportet,
884 1096 1081 1160 mendacium
1105 1114 1167 1160 non
1191 1099 1247 1160 est.

108 1201 215 1282 itaque
248 1201 272 1263 si
305 1204 336 1264 et
365 1201 452 1283 ipsae
483 1219 595 1264 causae
625 1202 754 1264 infamia
782 1199 969 1280 liberantur,
1004 1203 1120 1282 quanto
1150 1201 1249 1282 magis

108 1324 232 1385 sensus,
256 1304 367 1387 quibus
391 1307 454 1369 iam
478 1309 510 1369 et
533 1324 644 1370 causae
666 1306 763 1369 libere
786 1309 945 1387 praeeunt,
970 1323 1040 1369 cum
1063 1305 1135 1368 hinc
1154 1307 1250 1387 potis-

108 1411 226 1474 simum
250 1413 280 1474 ct
303 1412 418 1474 ueritas
443 1414 474 1475 et
496 1410 572 1473 fides
597 1414 628 1475 et
650 1410 811 1493 integritas
836 1409 979 1474 sensibus
998 1410 1183 1473 uindicanda
1199 1411 1248 1489 sit,

107 1516 191 1597 quod
222 1534 284 1579 nou
315 1516 404 1579 aliter
435 1516 629 1595 renuntient,
661 1533 755 1597 quam
786 1515 868 1596 quod
898 1515 951 1577 illa
976 1515 1054 1578 ratio
1078 1515 1248 1594 mandauit,
1277 1542 1302 1578 10

107 1637 189 1702 quae
206 1619 321 1683 efficiat
337 1620 426 1684 aliter
449 1620 523 1701 quid
540 1638 558 1683 a
573 1620 716 1683 sensibus
740 1620 910 1682 renuntiari
933 1637 1027 1700 quam
1043 1620 1128 1682 sitin
1145 1619 1247 1683 rebus

107 1724 183 1805 quid
208 1725 284 1806 agis,
307 1724 477 1787 Academia
499 1725 739 1806 procacissima?
774 1728 875 1788 totum
891 1724 974 1787 uitae
991 1726 1108 1787 statum
1125 1725 1248 1802 euertiS,

107 1847 235 1893 omnem
266 1832 395 1892 naturae
426 1829 565 1893 ordinem
596 1828 719 1908 turbas,
751 1829 848 1911 ipsius
876 1828 924 1900 dei
946 1828 1174 1910 prouidentiam
1198 1847 1249 1890 ex-

106 1951 226 2013 caecas,
250 1935 302 2015 qui
326 1934 445 1997 cunctis
469 1933 614 2015 operibus
639 1933 703 1996 suis
726 1933 947 2016 intellegendis
972 1933 1107 1996 colendis
1125 1932 1248 2015 dispen-

106 2038 215 2101 sandis
245 2038 446 2118 fruendisque
474 2038 600 2101 fallaces
629 2041 660 2101 et
693 2038 857 2100 mendaces
893 2037 1034 2101 dominos
1067 2037 1250 2119 praefecerit
1277 2062 1301 2100 15

106 2161 230 2205 sensus.
281 2160 320 2205 an
351 2161 413 2206 non
445 2142 514 2205 istis
545 2143 692 2205 uniuersa
722 2142 857 2205 condicio
889 2140 1164 2206 subministratur?
1208 2161 1248 2205 an

106 2266 170 2310 non
200 2265 256 2328 per
288 2248 363 2311 istos
394 2247 530 2310 secunda
557 2265 678 2328 quoque
701 2247 818 2311 mundo
841 2247 1003 2311 instructio
1028 2247 1171 2326 accessit,
1203 2250 1249 2310 tot

60 2354 95 2413 29
108 2354 205 2430 arses,
229 2354 275 2414 tot
289 2352 424 2434 ingenia,
445 2354 492 2415 tot
508 2351 609 2415 studia
625 2351 750 2434 negotia
765 2350 867 2414 officia
882 2351 1067 2414 commercia
1087 2355 1090 2425 l
1111 2350 1249 2413 remedia

106 2455 237 2518 consilia
259 2455 373 2519 solacia
395 2456 497 2518 uictus
521 2456 623 2518 cultus
647 2458 846 2536 ornatusque,
871 2456 995 2518 omnia?
1040 2457 1141 2517 totum
1164 2455 1247 2516 uitae

107 2577 253 2642 saporem
276 2560 468 2640 condierunt,
493 2560 566 2623 dum
589 2579 645 2642 per
667 2561 724 2624 hos
748 2579 858 2623 sensus
883 2561 966 2623 solus
990 2559 1129 2622 omnium
1153 2559 1246 2622 homo
1275 2583 1300 2620 20

107 2664 225 2728 animal
248 2664 396 2728 rationale
420 2664 589 2728 dinoscitur
611 2664 845 2748 intellegentiae
869 2667 900 2727 et
923 2664 1067 2727 scientiae
1087 2681 1192 2745 capax,
1217 2667 1249 2725 et

105 2769 205 2851 ipsius
220 2768 418 2833 Academiae.
465 2769 519 2832 sed
543 2770 626 2832 enim
649 2769 748 2849 Plato,
773 2789 811 2832 ue
835 2769 916 2850 quod
939 2769 1154 2832 testimonium
1178 2787 1248 2830 sen-

106 2873 195 2936 sibus
219 2874 331 2956 signet,
353 2877 517 2956 propterea
538 2876 569 2937 et
592 2873 623 2936 in
639 2874 781 2937 Phaedro
805 2892 840 2936 ex
857 2872 990 2938 Socratis
1006 2890 1138 2955 persona
1154 2876 1249 2954 negat

107 2998 141 3040 se
166 2995 351 3060 cognoscere
373 2995 465 3060 posse
487 2982 587 3041 semet
601 2980 714 3060 ipsum,
737 2982 773 3040 ut
787 2981 894 3041 monet
909 2977 1063 3059 Delphica
1077 2977 1247 3058 inscriptio,

107 3086 139 3149 et
162 3082 194 3144 in
218 3081 387 3147 Theaeteto
411 3082 520 3145 adimit
543 3080 602 3145 sibi
626 3083 702 3146 scire
727 3087 820 3163 atque
844 3083 969 3161 sentire,
998 3085 1029 3144 et
1052 3082 1083 3144 in
1106 3081 1248 3145 Phaedro
1275 3106 1300 3144 os

105 3191 333 3272 postmortem
354 3186 456 3251 differt
479 3187 677 3266 senteutiam,
701 3187 841 3251 ueritatis
865 3190 1044 3269 postumam
1061 3187 1192 3260 seilicet;
1217 3189 1249 3249 et

106 3298 216 3357 tamen
239 3293 378 3356 nondum
401 3296 542 3356 mortuus
565 3290 851 3373 philosophabatur.
898 3310 959 3355 non
983 3292 1066 3372 licet,
1090 3292 1247 3355 nonlicet

212 3516 258 3586 23]
278 3518 311 3570 of.
330 3515 399 3581 Plat.
418 3515 532 3569 Phaedr.
550 3533 575 3585 p.
594 3518 646 3572 229
664 3532 702 3583 sq.
773 3515 819 3583 25]
840 3515 872 3568 cf.
891 3514 961 3568 Plat.
981 3515 1088 3568 Theaet.
1105 3532 1131 3584 p.
1147 3519 1195 3570 152
1208 3531 1246 3582 sq.

105 3604 221 3659 Phaedr.
235 3621 260 3673 p.
273 3607 324 3658 247
338 3619 376 3671 sq.

153 3807 165 3859 1
185 3821 260 3856 mara
278 3805 304 3857 A
324 3821 390 3859 corr.
404 3822 437 3858 ot.
451 3821 500 3858 rec.
554 3807 571 3858 2
589 3803 736 3857 ualetudini
754 3822 787 3859 cs
805 3802 958 3856 ualetudine
971 3803 1006 3869 A,
1025 3801 1206 3855 ualetudinem
1219 3805 1246 3857 B

105 3895 123 3946 4
147 3891 250 3944 fallacie
273 3893 299 3945 A
358 3894 373 3946 5
398 3890 503 3944 fallacia
526 3892 635 3961 ABmp,
658 3891 778 3945 fallaciae
803 3893 830 3945 B
889 3893 920 3944 lo
945 3889 1014 3956 quod
1039 3891 1171 3958 posterius
1196 3891 1246 3944 del.

110 3980 238 4033 chlerus
287 3980 317 4033 ll
331 3977 427 4045 quitA
481 3995 560 4046 quam
579 3980 616 4046 A,
633 3979 703 4046 quod
722 3980 749 4032 B
803 3981 835 4032 12
853 3976 1009 4030 Academioe
1022 3976 1206 4044 procacissime
1219 3979 1247 4031 B

108 4069 142 4122 14
161 4065 278 4118 colendis
296 4067 408 4134 scripsi:
426 4065 571 4119 incolendis
590 4068 645 4120 AB
704 4064 933 4131 mercatusque?
952 4063 1041 4116 omniu
1059 4065 1150 4133 scalpo,
1169 4079 1246 4116 orua-

107 4159 160 4221 tus,
179 4169 245 4221 quae
264 4152 353 4205 omnia
372 4153 514 4207 Hortclc'os
584 4156 665 4254 hdhos
684 4154 710 4206 A
729 4170 796 4208 corr.
868 4150 963 4213 seusib3
981 4152 1008 4204 A
1027 4169 1093 4206 corr.
1165 4153 1247 4206 alet

107 4266 234 4319 scientiae
252 4284 302 4321 ocu.
316 4268 343 4319 A
414 4268 446 4319 25
466 4266 493 4317 in
512 4269 538 4318 te
557 4265 662 4317 aehteto
680 4267 714 4332 (h
728 4268 810 4335 pricos
829 4266 981 4331 inductum)
999 4268 1026 4319 A
1105 4268 1132 4316 et
1150 4283 1200 4320 oct.
1219 4265 1246 4319 A

106 4356 141 4408 27
160 4352 274 4405 mortuis
292 4353 364 4422 Bmp
417 4351 550 4405 nonlicet
567 4354 645 4407 semel
662 4354 690 4406 B
