2820 4914
452 389 527 444 viu.
546 370 772 457 caparronia
791 389 813 441 r.
1137 384 1200 448 233

61 568 110 649 111,
134 567 353 652 dedignatione
377 564 588 648 castigationis
613 563 745 646 abrupit.
784 563 877 627 debet
898 561 1015 643 requiri
1037 563 1130 642 atque
1152 580 1201 624 re·

63 673 178 738 uocari.
218 672 300 754 quod
321 673 425 753 potest
447 669 633 752 recuperari,
657 687 719 732 non
741 668 832 752 perit,
856 667 916 730 nisi
931 667 1006 731 foris
1022 683 1202 749 perseuera-

63 777 156 842 uerit.
195 776 276 840 bene
305 773 560 858 interpretaberis
589 773 772 855 parabolam
802 772 962 836 uiuentem
990 770 1091 834 adhuc
1112 788 1202 833 reuo-

63 900 139 946 cans
170 883 374 965 peccatorem.
412 878 579 943 moechum
612 895 686 941 uero
721 881 753 941 et
785 877 1003 941 fornicatorem
1037 874 1105 956 quis
1139 891 1202 938 non

63 988 224 1050 mortuum
247 984 354 1049 statim
378 983 515 1047 admisso
537 981 771 1065 pronuntiauit?
809 999 869 1063 quo
897 997 949 1044 ore
972 982 1130 1043 mortuum
1153 997 1201 1041 re·
1240 1003 1253 1042 ⁵

63 1091 175 1155 stitues
199 1090 230 1152 in
252 1081 386 1172 gregem
404 1107 439 1151 ex
461 1086 629 1170 parabolae
646 1087 711 1150 eius
728 1086 923 1164 auctoritate,
947 1101 1025 1166 quae
1041 1102 1104 1148 non
1119 1101 1202 1147 mor-

62 1199 156 1260 tuum
178 1187 272 1277 pecus
295 1195 442 1256 reuocat?
480 1191 612 1272 denique
635 1191 662 1254 si
684 1191 856 1255 meministi
876 1190 1107 1275 prophetarum,
1130 1206 1201 1251 cum

61 1301 207 1382 pastores
227 1298 436 1378 increpantur,
459 1298 534 1379 puto
550 1295 720 1359 Ezechielis
745 1298 792 1358 est
814 1314 886 1359 uox:
901 1297 1095 1377 ,pastores
1119 1310 1201 1355 ecce

61 1403 121 1467 lac
145 1402 333 1467 deuoratis
358 1404 393 1465 et
414 1401 511 1465 lanis
534 1400 742 1475 uestimini3
776 1401 871 1481 quod
901 1400 998 1464 forte
1029 1400 1084 1462 901
1111 1397 1202 1461 0001-

62 1507 190 1587 distis,
221 1505 314 1588 quod
337 1504 527 1569 infirmum
551 1508 700 1569 estnon
723 1505 901 1584 curastis,
932 1503 1026 1585 quod
1053 1501 1200 1566 commi·
1230 1527 1254 1564 10

62 1615 199 1676 nutum
222 1612 278 1674 est
308 1629 379 1674 non
401 1609 569 1692 ligastiS,
601 1609 694 1690 quod
726 1610 919 1691 expulsum
947 1612 1201 1672 0011010011-

62 1715 254 1795 uertistiS,
267 1714 485 1798 quodperiit
497 1731 567 1777 non
579 1714 805 1794 requisistis.
823 1712 975 1794 numquid
988 1716 1019 1777 et
1031 1712 1068 1774 de
1080 1714 1201 1775 mortuo

63 1819 241 1902 exprobrat,
273 1819 355 1900 quod
384 1836 446 1881 non
478 1820 509 1880 et
538 1818 614 1881 illud
644 1818 676 1880 in
705 1837 834 1902 gregem
855 1817 981 1881 reficere
1004 1815 1202 1880 curauerint?

62 1925 159 2007 plane
183 1923 307 2006 ingerit,
338 1923 419 2004 quod
448 1923 549 2004 perire
572 1940 646 1986 oues
669 1922 803 1986 fecerint
826 1925 857 1986 et
880 1940 898 1986 a
919 1922 1027 1986 bestiis
1059 1921 1125 2004 agri
1153 1938 1203 1983 co-

62 2028 209 2093 medi*
224 2046 322 2109 neque
338 2030 471 2109 possunt
486 2044 543 2089 nec
557 2027 657 2109 perire
673 2027 707 2089 in
722 2029 856 2090 mortem
872 2045 929 2090 nec
953 2026 1083 2106 comedi,
1107 2026 1133 2090 01
1154 2045 1203 2089 10-
1230 2050 1255 2090 15

63 2133 248 2214 linquantur
264 2169 306 2176 —
322 2150 394 2212 non,
412 2134 446 2196 ut
461 2131 601 2214 perditae
617 2131 649 2194 in
667 2134 801 2195 mortem
821 2135 851 2195 et
867 2135 1023 2195 comestae
1040 2148 1203 2195 resuman-

63 2241 127 2301 tur.
159 2237 245 2300 iuxta
260 2235 427 2300 drachmae
443 2254 566 2318 quoque
583 2237 760 2319 exemplum
782 2237 876 2300 etiam
900 2237 982 2299 intra
1004 2236 1132 2300 domurn
1155 2236 1204 2299 dei

66 2341 232 2406 ecclesiam
254 2341 327 2404 licet
350 2359 419 2404 esse
443 2341 545 2422 aliqua
567 2340 682 2404 delicta
703 2359 759 2421 pro
782 2341 879 2422 ipsius
897 2340 1062 2405 drachmae
1078 2341 1203 2404 modulo

65 2464 102 2510 ac
124 2444 260 2527 pondere
283 2445 460 2525 mediocria,
492 2462 570 2526 quae
601 2444 718 2507 ibidem
749 2444 964 2509 delitescentia
994 2463 1065 2508 mox
1087 2444 1203 2507 ibidem

63 2554 95 2615 01
117 2552 243 2631 reperta
265 2549 372 2612 statim
389 2548 504 2612 ibidem
521 2566 593 2611 cum
608 2549 721 2632 gaudio
738 2550 964 2613 emendationis
980 2549 1201 2631 transigantur.
1230 2575 1255 2613 20

37 2653 226 2719 moechiae
256 2670 330 2716 uero
362 2656 392 2716 01
422 2653 634 2717 fornicationis
665 2671 726 2717 non
758 2653 919 2733 drachma,
954 2653 1008 2717 sed
1038 2653 1202 2731 talentum,

61 2756 176 2841 quibus
208 2757 401 2838 exquirendis
432 2775 494 2821 non
517 2758 662 2821 lucernae
687 2758 804 2841 spiculo
830 2758 990 2839 [lumine],
1022 2757 1075 2821 sed
1106 2757 1202 2821 totius

61 2862 139 2926 solis
161 2862 272 2925 lancea
294 2879 371 2944 opus
396 2864 452 2925 est.
492 2862 585 2924 simul
609 2862 761 2944 apparuit,
785 2862 891 2926 statim
912 2862 1004 2925 homo
1020 2861 1057 2924 de
1073 2862 1204 2926 eeclesia

61 2965 228 3048 expellitur
251 2984 308 3029 nec
330 2966 394 3029 illic
418 2969 525 3030 manet
547 2984 605 3030 nec
627 2966 776 3050 gaudium
798 2967 918 3029 confert
932 2965 1090 3048 repertrici
1106 2967 1203 3029 eccle-

62 3070 142 3148 siae,
173 3070 226 3133 sed
249 3069 370 3134 luctum
392 3087 451 3134 nec
473 3070 774 3153 congratulationem
799 3071 929 3134 aduocat
951 3071 1124 3134 uicinarum
1148 3071 1202 3134 sed
1229 3097 1255 3136 aa

61 3173 332 3238 contristationem
364 3174 576 3256 proximarum
609 3175 852 3239 fraternitatum.
896 3175 1065 3238 commissa
1097 3175 1203 3257 itaque

62 3278 160 3342 etiam
193 3277 253 3341 hac
286 3281 394 3341 nostra
427 3297 499 3342 cum
529 3278 653 3342 illorum
682 3279 937 3362 interpretatione
972 3297 1007 3343 eo
1041 3280 1141 3363 magis
1171 3281 1203 3342 in

64 3381 227 3446 ethnicum
251 3381 437 3464 spectabunt
468 3386 499 3446 et
521 3383 587 3446 ouis
612 3386 643 3446 et
667 3383 832 3447 drachmae
860 3387 1055 3466 argumenta,
1086 3387 1202 3466 quanto

60 3504 123 3551 nec
151 3486 184 3549 in
215 3486 279 3549 eius
311 3486 415 3550 delicti
449 3487 662 3551 Christianum
693 3491 868 3570 competere
898 3492 1044 3570 possunt,
1077 3492 1202 3571 propter

62 3590 147 3672 quod
169 3590 201 3653 in
225 3590 437 3654 Christianum
460 3591 497 3655 de
521 3592 642 3656 diuersa
668 3595 756 3673 parte
780 3595 941 3677 coguntur.
1229 3618 1255 3657 ao

167 3705 414 3778 mmmmm

109 3814 122 3868 l
147 3811 334 3880 dedignatione
349 3814 413 3869 Gel:
431 3813 463 3867 de
481 3814 632 3883 dignatione
644 3816 672 3869 B
725 3817 741 3869 2
760 3831 813 3868 11011
831 3816 929 3884 poterit
948 3816 970 3868 si
982 3817 1038 3886 Rip
1089 3816 1153 3870 foris
1167 3819 1202 3885 B,

61 3899 133 3954 forte
151 3901 223 3970 Bmp
276 3902 427 3956 3reuocari
443 3904 507 3970 fort.
561 3901 627 3958 5⁴ab
641 3901 756 3956 admisso
768 3904 831 3971 fort.
887 3906 919 3959 10
932 3903 1126 3956 comminutum
1141 3904 1203 3959 Get:

61 3986 259 4041 communitum
278 3989 305 4041 B
369 3990 401 4043 12
419 3989 498 4057 periit
513 3989 576 4043 Get:
592 3988 662 4057 perit
680 3991 707 4044 B
773 3991 805 4044 14
823 4008 876 4060 sqq.
897 3989 1005 4043 comedi.
1025 4005 1202 4057 neque-re-

60 4073 1202 4147 Mwmmmdmmmmmmffimwmmffl

61 4162 97 4216 22
116 4159 210 4228 spiculi
232 4162 283 4216 Urs
347 4159 448 4215 lumine
471 4163 520 4216 del.
540 4163 595 4217 Lat
617 4169 642 4216 01
662 4164 734 4232 Scol,
757 4163 866 4216 luminis
885 4165 941 4218 Iuor
1005 4165 1038 4218 23
1056 4162 1118 4216 00110
1137 4165 1199 4218 add.

63 4247 116 4302 Ger
176 4248 210 4300 24
231 4248 369 4316 repertrici
394 4248 457 4302 Ger.-
479 4248 588 4316 reperiri
610 4248 633 4301 ei
655 4251 683 4303 B
748 4253 781 4306 25
805 4250 918 4304 aduocat
939 4253 1003 4307 Ure:
1025 4249 1156 4304 aduocant
1174 4252 1201 4304 B

60 4335 97 4389 28
115 4328 274 4401 spectabunt
294 4335 357 4390 001.-
379 4334 554 4405 expectabunt
571 4336 599 4392 B
