2820 4914
504 384 536 438 X.
555 387 598 439 De
618 385 723 438 anima·
742 389 850 441 53—55.
1184 385 1246 450 387

150 558 203 624 54,
221 559 287 640 Quo
310 561 405 643 igitur
429 561 597 624 deducetur
620 561 735 641 anima,
759 562 821 624 iam
845 561 916 624 hinc
932 561 1102 626 reddimus
1138 580 1246 626 omnes

58 666 96 722 61v
107 665 205 728 ferme
221 657 408 747 philosophi,
430 663 433 749 l
453 665 809 751 ι66111616611611161616
827 667 958 746 animae,
980 667 1249 748 qualiterqualiter

107 771 231 850 uolunt,
264 773 370 833 tamen
402 771 571 850 uindicant,
603 774 638 833 ut
666 771 872 852 Pythagorae,
905 774 939 834 ut
968 771 1182 853 Empedocles,
1215 775 1249 835 ut

107 876 208 954 Plato,
241 876 354 957 quique
383 875 507 956 aliquod
529 876 575 938 illi
598 879 723 956 tempus
748 875 912 958 indulgent
935 875 973 938 ab
998 894 1126 940 excessu
1150 895 1248 957 usque

107 981 138 1042 in
162 979 437 1062 conflagrationem
460 981 682 1060 uniuersitatis,
706 983 741 1042 ut
766 979 869 1060 Stoici,
893 998 965 1044 suas
990 980 1071 1043 solas
1088 980 1120 1043 id
1136 984 1184 1044 est
1199 998 1248 1044 sa·
1288 1008 1300 1047 5

106 1085 260 1167 pientium
294 1085 414 1146 animas
448 1085 479 1147 in
514 1085 655 1166 supernis
690 1084 907 1148 mansionibus
942 1086 1103 1148 collocant.
1157 1086 1247 1149 Plato

106 1190 233 1270 quidem
257 1207 318 1253 non
342 1193 458 1252 temere
481 1189 737 1272 philosophorum
761 1189 925 1253 animabus
945 1191 1003 1253 hoc
1020 1194 1169 1273 praestat,
1194 1190 1248 1253 sed

106 1312 214 1357 eorum
238 1295 289 1375 qui
311 1294 543 1375 philosophiam
567 1294 686 1357 scilicet
711 1295 927 1358 616166661161
948 1313 1053 1358 amore
1068 1313 1245 1376 puerorum.

106 1400 182 1462 adeo
214 1399 308 1461 etiam
339 1399 420 1461 inter
447 1399 649 1481 philosophos
673 1417 824 1481 magnum
847 1399 943 1462 habet
965 1399 1166 1481 priuilegium
1189 1399 1248 1462 im-

105 1504 234 1586 puritas.
280 1504 387 1583 itaque
418 1503 499 1583 apud
528 1503 619 1566 illum
649 1504 681 1565 in
705 1504 866 1566 aetherem
889 1503 1100 1566 sublimantur
1125 1505 1247 1567 animae
1275 1530 1300 1567 10

106 1608 272 1688 sapientes,
311 1608 392 1693 apud
422 1606 533 1670 Arium
565 1608 597 1671 in
628 1626 742 1687 aerem,
779 1609 859 1690 apud
890 1606 1008 1671 Stoicos
1041 1608 1098 1671 sub
1128 1608 1247 1671 lunam.

105 1730 182 1793 quos
214 1713 339 1792 quidem
370 1713 473 1792 miror,
509 1712 591 1793 quod
620 1713 833 1793 imprudentes
866 1712 987 1775 6611666
1018 1713 1101 1776 circa
1131 1716 1248 1776 terram

104 1820 313 1899 prosternant,
345 1835 416 1878 curn
447 1817 516 1880 illas
541 1835 558 1879 a
582 1816 775 1898 sapientibus
808 1817 906 1880 multo
938 1817 1149 1899 superioribus
1178 1836 1248 1880 eru-

105 1922 164 1984 diri
188 1921 353 1984 affirment.
393 1920 447 1984 ubi
471 1921 527 1985 erit
550 1922 675 1985 scholae
699 1921 785 2004 regio
808 1921 839 1984 in
863 1924 953 1985 tanta
976 1922 1125 1985 distantia
1148 1921 1248 1986 diuer-

105 2027 279 2091 scriorum?
311 2044 372 2108 qua
402 2027 520 2089 ratione
552 2026 721 2108 discipulae
754 2027 792 2089 ad
822 2026 990 2108 magistras
1015 2026 1249 2091 conuentabunt
1276 2050 1300 2088 15

104 2136 192 2195 16616
217 2132 394 2195 discrimine
417 2131 552 2193 inuicem
575 2130 744 2194 absentes?
776 2131 844 2212 quis
869 2131 1060 2195 autemillis
1084 2136 1247 2214 postumae

104 2236 286 2300 eruditionis
303 2254 378 2298 usus
396 2253 431 2298 ac
447 2235 567 2298 fructus
584 2235 710 2298 iamiam
727 2235 969 2318 conflagratione
984 2237 1151 2318 perituris?
1174 2237 1248 2300 reli·
1332 2264 1333 2268 ¹

105 2360 182 2422 quas
200 2341 321 2403 animas
338 2340 376 2403 ad
392 2339 667 2404 inierosdeiciunt.
696 2341 753 2404 hos
769 2341 858 2404 Plato
875 2342 962 2405 uelut
977 2341 1132 2423 gremium
1148 2343 1247 2404 161166

105 2444 253 2509 describit
265 2445 296 2507 16
309 2444 485 2524 Phaedone,
503 2462 561 2525 quo
575 2462 682 2507 omnes
698 2445 786 2508 labes
803 2445 1009 2508 mundialium
1024 2444 1162 2507 sordium
1175 2463 1247 2508 con-

104 2550 228 2613 fluendo
253 2553 283 2612 et
305 2548 348 2611 ibi
364 2549 531 2613 desidendo
551 2550 696 2612 exhalent
713 2552 743 2612 61
759 2550 847 2630 quasi
863 2567 958 2612 caeno
975 2549 1247 2612 immunditiarum
1274 2574 1299 2612 20

105 2674 233 2718 suarum
260 2654 448 2736 grossiorem
478 2654 628 2717 haustum
665 2656 696 2716 61
717 2653 877 2734 priuatum
900 2653 963 2716 illic
987 2672 1091 2716 aerem
1120 2654 1245 2736 stipent.

147 2756 322 2821 6616616
354 2758 444 2821 inferi
475 2775 537 2820 non
569 2757 652 2820 nuda
683 2757 837 2820 cauositas
868 2775 925 2820 666
949 2757 1119 2821 subdiualis
1143 2758 1248 2838 aliqua

104 2862 213 2926 rnundi
245 2863 367 2925 sentina
397 2862 574 2941 creduntur,
607 2862 661 2924 sed
691 2861 723 2924 in
755 2861 840 2924 fossa
871 2865 972 2925 161166
997 2863 1082 2925 etin
1106 2863 1168 2925 alto
1193 2880 1247 2925 ua-

104 2969 194 3031 stitas
218 2967 304 3031 etin
328 2966 402 3048 ipsis
427 2965 599 3029 uisceribus
624 2967 688 3029 6166
705 2966 851 3029 abstrusa
866 2966 1069 3049 profunditas
1094 2966 1247 3046 siquidem

105 3072 227 3136 Christo
259 3072 290 3134 in
323 3071 413 3134 corde
445 3074 546 3135 terrae
577 3071 713 3133 triduum
744 3071 855 3134 mortis
885 3071 1019 3153 legimus
1048 3074 1245 3153 expunctum,
1273 3095 1298 3135 16

103 3177 135 3240 id
167 3180 214 3239 est
240 3176 271 3238 in
295 3194 419 3238 recessu
443 3175 554 3239 intimo
578 3179 609 3238 et
632 3176 754 3239 interno
779 3179 809 3238 et
832 3195 867 3239 61
890 3177 958 3257 ipsa
980 3179 1063 3240 terra
1086 3177 1191 3258 operto
1215 3177 1246 3237 et

103 3282 186 3344 16116
216 3281 316 3361 ipsam
348 3280 452 3343 clauso
477 3283 507 3342 et
529 3279 727 3343 inferioribus
751 3280 853 3343 adhuc
876 3279 997 3362 abyssis
1021 3282 1244 3362 superstructo.

207 3427 234 3495 6]
249 3426 281 3480 cf.
295 3426 364 3481 Plat.
380 3426 499 3495 Sympos.
513 3442 537 3494 p.
552 3428 610 3480 203.
624 3425 738 3480 Phaedr.
752 3442 777 3494 p.
795 3429 846 3482 248
859 3442 896 3493 sq.
952 3426 996 3494 18]
1015 3425 1048 3479 cf.
1061 3425 1130 3480 Plat.
1144 3424 1244 3478 Phaed.

102 3532 127 3582 p.
144 3517 192 3568 112
206 3531 244 3581 sq.
299 3514 343 3582 25]
363 3513 396 3567 cf.
410 3513 477 3581 Eph.
490 3515 515 3577 4,
529 3516 553 3568 9.
574 3515 586 3567 1
602 3512 661 3568 Cor.
677 3515 717 3577 15,
730 3515 747 3567 4
760 3528 816 3580 sqq.

149 3645 229 3698 lDE
248 3643 409 3698 RECEPTV
427 3645 490 3710 AB,
506 3643 555 3697 Gal
609 3642 724 3708 QuodA
778 3642 945 3698 2fermaeA
1000 3642 1245 3711 qualiterqualiter
1310 3662 1313 3669 ·

107 3732 246 3786 0616161116.-
264 3731 377 3798 qualiter
395 3732 450 3784 AB
502 3731 643 3784 31661616
663 3731 690 3783 Β
741 3732 884 3798 pytagoras
903 3732 930 3785 A
984 3731 1059 3799 561]
1079 3732 1106 3782 61
1123 3730 1150 3783 A
1204 3745 1245 3781 sa·

103 3818 223 3887 61661616
243 3820 269 3872 Β
324 3821 355 3873 10
374 3817 491 3870 etherem
510 3818 537 3871 A
594 3819 623 3872 ll
649 3817 757 3870 haerem
775 3819 802 3870 A
858 3819 889 3872 13
912 3817 959 3870 1116
976 3818 1003 3871 A
1058 3819 1090 3872 14
1114 3815 1199 3869 scolae
1218 3817 1244 3869 A

103 3906 285 3957 deuersorium
298 3906 326 3958 A
381 3907 411 3959 15
425 3906 614 3957 connectentur
625 3905 726 3974 ABmp
776 3906 807 3959 19
820 3903 979 3973 phedoneA
1026 3905 1060 3958 20
1073 3904 1244 3972 etposterius

103 4012 153 4048 orn.
173 3993 228 4046 AB
291 3994 321 4046 21
343 4008 519 4046 666-1616616.
540 3992 567 4045 A
625 3991 781 4044 crassiorem
802 3993 852 4047 uer
913 3990 1040 4043 illicerem
1059 3991 1095 4057 A,
1113 3989 1168 4043 illic
1186 4006 1244 4043 aere

102 4083 166 4148 sort.
224 4082 257 4134 25
277 4079 414 4134 Christum
433 4080 460 4132 B
521 4078 619 4146 terrae]
640 4077 704 4131 trita
722 4079 749 4132 A
812 4077 1129 4146 triduum-expunctum
1147 4091 1197 4132 661.
1217 4079 1243 4131 A

103 4169 136 4221 26
156 4183 185 4218 ex
203 4168 238 4234 Β,
263 4167 289 4219 16
309 4168 336 4219 A
407 4165 629 4233 1761661666,
653 4168 746 4218 cauato
765 4167 837 4236 qu
908 4169 1096 4234 superstructo.
1120 4164 1167 4218 DE
1190 4163 1244 4217 IN·

103 4253 205 4306 runis
230 4253 273 4305 ΕΤ
296 4253 347 4307 ΑΝ
368 4253 475 4309 ILLVC
500 4238 569 4307 culs
592 4251 616 4305 A
639 4254 680 4321 A,·
703 4253 791 4306 nimae
819 4252 1011 4321 compellentur
1038 4251 1244 4320 (compellantur

104 4342 164 4408 Gal)
183 4341 246 4395 cdd.
260 4341 295 4404 B,
317 4341 367 4396 cer
1070 4425 1086 4457 ἣ

1036 4428 1068 4479 25
