2828 4936
282 382 328 436 lx.
348 383 391 435 De
410 382 534 435 ieiunio
554 381 710 434 aduersus
729 381 902 450 psychicos
921 384 996 439 7—8.
1144 380 1207 444 283

67 577 192 623 suram
215 559 252 622 in
275 557 406 622 diebus
429 557 562 640 ipsius,
586 556 709 620 sedin
732 556 861 621 diebus
884 556 959 620 filii
983 556 1061 620 eius
1083 575 1207 639 snper-

67 664 198 728 duoam
233 681 325 742 eam,
361 662 414 743 qui
448 680 511 725 non
551 664 617 725 erat
655 661 858 725 ieiunaturos.
904 661 948 724 ita
986 661 1137 724 ieiunium
1175 662 1207 725 in

67 768 161 832 deum
191 767 385 831 reuerentiae
416 785 493 849 opus
524 769 586 845 est,
616 785 671 848 per
699 766 780 847 quod
803 764 898 829 Anna
920 783 1041 847 quoque
1065 765 1206 829 ambiens

67 891 143 936 uxor·
165 872 324 936 Helcanae
355 875 437 934 retro
468 871 581 934 sterilis
611 870 793 952 impetrauit
821 869 913 933 facile
944 888 962 932 a
993 869 1049 933 deo
1079 870 1207 933 inanem

66 976 134 1041 cibo
159 980 302 1040 uentrem
324 975 388 1039 filio
411 975 542 1058 implere
566 974 744 1055 etquidem
767 975 927 1056 propheta.
962 974 1016 1037 sed
1036 992 1098 1038 non
1114 974 1205 1038 modo
1245 1001 1258 1039 5

65 1085 198 1145 naturae
222 1080 429 1145 mutationem
449 1082 504 1143 aut
518 1078 726 1162 periculorum
743 1079 937 1142 auersionem
954 1081 1008 1141 aut
1022 1078 1205 1142 delictorum

65 1185 328 1265 obliterationem,
352 1203 462 1248 uerum
486 1186 580 1248 etiam
601 1187 867 1255 sacramentorum
884 1183 1075 1267 agnitionem
1090 1184 1206 1248 ieiunia

65 1291 103 1354 do
127 1291 185 1354 deo
202 1289 415 1353 merebuntur.
452 1289 556 1370 aspice
572 1288 711 1352 Danielis
730 1289 916 1371 exemplum.
951 1289 1032 1352 circa
1048 1289 1205 1352 somnium

64 1394 147 1478 regis
171 1393 341 1476 Babylonis
372 1412 480 1458 omnes
512 1392 678 1457 turbantur
708 1393 880 1474 sophistae,
911 1397 1029 1476 negant
1059 1393 1141 1457 ultra
1168 1393 1205 1456 de

63 1499 259 1583 praestantia
288 1499 427 1562 humana
455 1516 548 1580 posse
579 1497 733 1581 cognosci.
780 1498 864 1561 solus
887 1497 1000 1561 Daniel
1027 1498 1083 1561 deo
1106 1497 1205 1561 fidens
1232 1524 1257 1563 ιο

65 1608 96 1668 11
128 1604 243 1683 111111,
275 1603 350 1684 quid
376 1604 416 1666 ad
438 1602 658 1666 demerendam
682 1603 729 1666 dci
752 1603 886 1685 gratiam
908 1602 1038 1682 faceret,
1069 1602 1206 1685 spatium

64 1708 162 1771 tridui
183 1708 336 1791 postulat,
364 1726 435 1771 oum
460 1725 517 1771 sua
538 1707 733 1771 fraternitate
755 1707 885 1786 ieiunat,
910 1710 1002 1788 atque
1025 1707 1070 1769 ita
1093 1707 1205 1771 oratio-

64 1812 158 1877 nibus
189 1812 415 1876 commendatis
445 1816 476 1876 11
506 1812 647 1877 ordinem
678 1816 709 1876 et
731 1811 991 1895 significationem
1015 1811 1128 1874 somnii
1150 1831 1205 1894 per

63 1917 171 1982 omnia
200 1917 375 1998 instruitur,
407 1917 531 2000 tyranni
555 1917 703 1998 sophistis
725 1917 873 1999 parcitur,
905 1916 981 1979 deus
1004 1916 1203 1999 glorificatur,

62 2022 177 2086 Daniel
199 2021 378 2102 honoratur,
406 2040 467 2086 non
491 2021 645 2085 minorem
668 2021 717 2084 dei
740 2022 873 2104 gratiam
897 2024 929 2084 11
949 2023 1059 2103 postea
1082 2039 1204 2102 qnoque
1233 2045 1257 2084 1⁵

62 2127 219 2190 relaturus
243 2144 323 2190 anno
346 2125 446 2207 primo
469 2125 552 2209 regis
575 2126 673 2205 Darii,
697 2144 769 2188 cum
792 2145 829 2221 11
850 2125 1023 2208 recogitatu
1045 2125 1204 2207 praedica·
1261 2109 1264 2114 ’

62 2233 168 2294 torum
192 2233 368 2313 temporum
391 2231 430 2295 ab
453 2230 615 2294 Hieremia
637 2230 722 2294 dedit
744 2231 856 2294 faciem
880 2248 969 2293 suam
993 2230 1049 2294 deo
1072 2230 1105 2292 in
1128 2229 1205 2292 ieiu-

62 2335 124 2399 niis
149 2337 179 2397 11
202 2352 291 2399 sacco
316 2337 347 2398 ct
369 2335 481 2397 cinere.
526 2353 601 2398 nam
624 2337 656 2398 et
679 2335 809 2418 angelus
832 2335 949 2398 missus
973 2335 1013 2398 ad
1036 2352 1107 2396 eum
1123 2334 1204 2399 hanc

40 2455 41 2458 ’
63 2439 173 2503 statim
196 2439 355 2520 professus
379 2443 428 2503 111
450 2457 577 2502 oausam
602 2440 724 2503 diuinae
743 2439 943 2522 dignationis:
967 2439 1068 2518 ueni,
1091 2439 1203 2520 inquit,

61 2544 320 2607 demonstrare
337 2543 420 2623 tibi,
437 2547 622 2625 quatenus
638 2543 871 2608 miserabilis
888 2562 940 2623 es,
963 2543 1127 2607 ieiunando
1144 2543 1204 2606 sci·
1231 2567 1256 2606 20

60 2648 144 2712 lioot.
180 2647 206 2711 si
223 2648 278 2712 deo
299 2647 495 2728 miserabilis,
518 2648 660 2712 leonibus
683 2649 716 2712 in
738 2649 809 2712 lacu
832 2647 936 2711 luerat
959 2646 1126 2727 horribilis,
1150 2647 1211 2712 ubi,

61 2752 189 2834 quidem
215 2751 263 2815 illi
284 2771 338 2816 111
369 2752 477 2816 diebus
501 2753 651 2817 ieiunanti
673 2753 838 2835 prandium
862 2752 992 2836 angelus
1015 2752 1200 2835 procurauit.

104 2855 134 2918 8.
151 2856 323 2921 Reddimus
348 2861 526 2951 11111111..
549 2858 589 2921 ad
611 2875 693 2921 noua
716 2858 801 2921 enim
824 2876 908 2921 nunc
931 2858 1117 2921 documenta
1132 2875 1202 2939 pro-

60 2979 218 3042 peramus.
258 2961 291 3024 in
313 2961 423 3026 limine
447 2962 603 3045 euangelii
624 2962 719 3026 Anna
741 2963 911 3045 prophetis,
934 2962 1000 3026 filia
1021 2961 1202 3042 Phanuelis,

61 3084 142 3146 quae
173 3065 326 3129 infantem
340 3129 344 3142 ,
358 3066 519 3130 dominum
550 3071 581 3130 et
608 3067 738 3150 agnouit
761 3070 791 3130 11
813 3068 914 3131 multa
938 3086 1030 3149 super
1054 3084 1089 3130 eo
1112 3085 1202 3148 prae·
1230 3088 1254 3126 25

61 3170 178 3233 dicauit
213 3169 447 3252 expectantibus
482 3171 731 3253 redemptionem
761 3172 900 3252 Israelis,
936 3175 1007 3254 post
1042 3171 1202 3254 egregium

61 3275 190 3337 titulum
217 3274 332 3338 ueteris
356 3278 387 3338 11
408 3275 550 3339 uniuirae
574 3275 737 3339 uiduitatis
759 3275 944 3339 ieiuniorum
968 3293 1090 3357 quoque
1114 3276 1203 3340 testi-

61 3378 164 3442 monio
191 3381 332 3461 angetur,
363 3379 541 3460 ostendens,
573 3380 605 3443 in
629 3379 740 3460 quibus
764 3379 873 3443 officiis
898 3380 1031 3444 adsideri
1054 3375 1201 3444 ecclesiae

61 3482 184 3562 debeat,
208 3486 238 3546 11
253 3501 272 3545 1
286 3483 380 3546 nullis
404 3484 504 3566 magis
527 3483 667 3566 intellegi
684 3483 844 3548 Christum
868 3503 961 3566 qnam
982 3485 1079 3548 semel
1095 3486 1201 3567 nuptis

63 3591 91 3651 et
122 3605 217 3669 saepe
246 3587 370 3651 ieiunis.
416 3588 482 3671 ipse
513 3607 585 3653 mox
615 3588 759 3652 dominus
790 3589 948 3670 baptisma
975 3609 1085 3670 suum,
1116 3591 1201 3654 etin
1228 3615 1254 3654 eo

62 3710 115 3756 suo
144 3692 300 3772 omnium,
330 3693 454 3756 ieiuniis
478 3692 632 3757 dedicauit
653 3694 774 3758 habens
798 3694 920 3758 efficere
944 3713 1040 3777 panes
1065 3713 1100 3757 11
1123 3694 1222 3777 lapi.

63 3794 161 3875 dibus,
186 3795 280 3859 etiam
303 3797 469 3861 Iordanem
492 3798 564 3862 uino
587 3799 720 3862 fortasse
743 3816 882 3878 manare,
906 3799 932 3862 si
955 3799 1000 3862 ita
1022 3802 1146 3862 uorator
1170 3802 1201 3862 et

61 3903 113 3980 pot
134 3903 183 3964 tor
205 3899 327 3964 fuisset.
362 3901 458 3966 immo
478 3920 596 3966 nouum
611 3902 772 3967 hominem
788 3904 821 3966 in
836 3903 951 3967 ueteris
968 3902 1199 3985 sugillationem

124 4069 126 4072 <
164 4036 208 4104 19]
228 4036 261 4092 cl.
276 4037 344 4092 Dan.
360 4041 498 4106 1112111.
552 4040 597 4108 24]
617 4040 650 4093 cf.
670 4040 733 4094 Luc.
747 4044 772 4108 2,
785 4043 818 4096 37
832 4056 887 4109 sqq.

101 4158 411 4215 9ult1·aIua:ultroB
465 4164 496 4215 10
509 4161 684 4229 praescientia
696 4165 759 4230 fort.
815 4165 845 4218 ll
860 4162 930 4230 quod
944 4163 999 4231 Rip
1048 4163 1197 4219 17111111.

66 4245 110 4300 Gal
162 4249 196 4301 22
209 4245 250 4300 illi
264 4246 328 4302 Gal:
346 4246 400 4300 illis
411 4249 439 4301 B
492 4250 527 4303 23
544 4247 710 4302 reddidimus
724 4252 814 4303 uetera
826 4252 890 4318 Lat,
908 4249 1050 4304 reddemus
1069 4254 1095 4305 et
1113 4256 1199 4306 cetera

66 4332 203 4388 Hortela'us
255 4336 289 4389 24
306 4334 448 4402 prophetes
466 4335 493 4388 B
773 4339 790 4371 'f
