2820 4914
159 393 223 456 328
390 392 502 458 Quinti
522 392 660 461 Septimi
678 391 844 445 Florentis
863 391 1067 444 Tertulliani

160 567 250 631 bolus
280 568 455 650 adspirarit.
502 571 533 631 et
563 585 645 630 nunc
676 567 714 630 ad
745 566 953 631 differentiam
982 568 1176 631 sensualium
1198 571 1226 630 et
1244 568 1303 629 in-

160 672 384 734 tellectualium
415 689 476 735 non
507 671 592 734 aliud
623 671 817 734 admittimus
845 689 939 752 quam
961 690 1067 734 rerum
1091 671 1303 747 diuersitates,

160 776 365 858 corporalium
389 780 419 838 et
443 775 640 857 spiritalium,
673 775 844 838 uisibiliunr
867 779 897 839 et
919 774 1140 854 inuisibilium,
1162 775 1307 856 publica-

160 885 264 944 tarum
288 883 318 943 et
341 898 541 958 arcanarum,
570 879 650 960 quod
674 879 745 942 illae
770 880 892 959 sensui,
915 880 994 943 istae
1016 880 1190 943 intellectui
1213 879 1308 942 attri-

121 1012 133 1048 s
161 983 310 1063 tuantur,
342 985 424 1066 apud
454 985 591 1047 animam
615 988 722 1047 tamen
747 987 778 1046 et
800 984 867 1046 istis
892 987 924 1047 et
946 984 1007 1047 illis
1032 984 1181 1065 obsequio
1205 984 1309 1065 depu-

160 1089 244 1168 tatis,
267 1106 344 1169 quac
368 1088 494 1170 perinde
517 1107 572 1170 pcr
595 1106 705 1169 corpus
721 1088 891 1170 corporalia
906 1089 1021 1152 sentiat
1036 1089 1311 1169 quemadmodum

160 1213 214 1275 per
237 1194 377 1256 animum
400 1192 605 1275 incorporalia
628 1193 803 1275 intellegat,
835 1192 921 1257 saluo
945 1210 980 1256 ec
1004 1197 1040 1256 ut
1067 1195 1163 1256 etiam
1188 1194 1312 1258 sentiat

98 1328 101 1332 ·
160 1297 235 1360 dum
258 1297 422 1379 intellegit.
462 1315 523 1361 non
548 1297 631 1360 enim
656 1301 687 1359 et
710 1299 824 1360 sentire
848 1297 1031 1380 intellegere
1055 1301 1104 1360 est
1128 1301 1159 1361 et
1178 1297 1309 1362 intelle-

120 1424 124 1432 ’
159 1421 232 1484 gere
256 1401 370 1464 sentire
394 1404 463 1464 este
484 1399 488 1484 l
508 1405 562 1464 aut
585 1401 659 1482 quid
683 1401 742 1464 crit
765 1419 886 1480 sensura,
910 1401 971 1464 nisi
991 1402 1058 1464 eius
1074 1402 1120 1465 rei
1136 1420 1216 1482 quae
1232 1419 1322 1468 sen-t

109 1531 133 1568 ιο
160 1506 235 1569 titur
265 1505 463 1568 intellectus?
508 1505 582 1586 quid
606 1506 664 1568 erit
687 1505 880 1585 intellectuS,
909 1506 969 1568 nisi
993 1506 1058 1569 cius
1082 1507 1129 1569 rei
1152 1525 1231 1588 quae
1252 1507 1300 1573 in·

160 1610 319 1692 tellegitur
343 1613 475 1672 sensus?
521 1611 602 1672 unde
626 1610 687 1673 ista
711 1614 867 1673 tormenta
890 1610 1074 1674 cruciandae
1092 1611 1294 1692 simplicitatis

161 1717 192 1777 ct
223 1714 458 1796 suspendendae
490 1714 654 1777 ueritatis?
699 1714 768 1794 quis
800 1714 875 1776 mihi
903 1713 1062 1778 exhibebit
1086 1734 1215 1779 sensum
1236 1735 1289 1780 non

160 1818 395 1900 intellegentem
419 1818 500 1898 quod
524 1820 618 1881 sentit
641 1822 694 1881 aut
718 1818 911 1881 intellectum
932 1836 992 1882 non
1009 1819 1201 1883 sentientem
1217 1823 1286 1900 quod

160 1922 325 2004 intellegit,
358 1926 392 1984 ut
419 1921 529 2003 probet
553 1922 686 1985 alterum
710 1922 776 1984 sine
800 1923 897 1985 altero
920 1926 1034 2004 posse?
1080 1924 1107 1986 si
1131 1925 1286 2006 corporalia

109 2052 133 2090 15
159 2026 285 2107 quidem
302 2026 488 2105 sentimum,
505 2026 708 2108 incorporalia
724 2044 797 2090 uero
814 2026 1051 2110 intelleguntur,
1067 2047 1173 2091 rerum
1185 2045 1286 2111 genera

160 2131 283 2193 diuersa
315 2133 401 2209 sunt,
433 2148 494 2194 non
525 2130 679 2194 domicilia
702 2150 812 2194 seusus
837 2133 867 2193 et
889 2131 1083 2212 intellectus
1115 2132 1145 2195 id
1169 2135 1213 2194 est
1230 2149 1283 2194 non

160 2235 266 2296 anima
289 2237 320 2296 et
343 2235 475 2297 aniums.
515 2234 647 2314 denique
671 2254 689 2298 a
713 2243 773 2316 quo
797 2237 972 2298 sentiuntur
994 2237 1187 2318 corporalia?
1210 2237 1230 2298 si
1246 2234 1280 2296 ab

160 2338 273 2416 animo,
298 2356 370 2420 ergo
386 2338 449 2400 iarn
472 2341 512 2401 et
526 2339 679 2401 sensualis
703 2343 751 2402 est
774 2339 908 2419 animus,
933 2357 994 2403 non
1019 2342 1144 2404 tantum
1160 2340 1280 2403 intellec-

160 2442 263 2521 tualis,
287 2460 361 2505 nam
385 2442 459 2504 duur
483 2442 647 2524 intellegit,
679 2443 784 2522 sentit,
816 2444 887 2524 quia
910 2444 937 2507 si
959 2461 1022 2507 non
1046 2447 1151 2523 scnt't,
1175 2463 1226 2508 uec
1240 2444 1275 2505 iu·

160 2546 293 2628 tellegit:
325 2547 351 2609 si
381 2563 453 2609 uero
485 2546 523 2609 ab
552 2547 657 2609 anima
680 2547 850 2628 corporalia
874 2548 1062 2628 sentiuntur,
1085 2549 1149 2612 iam
1173 2548 1278 2632 ergoet

159 2650 379 2713 intellectualis
403 2653 450 2713 est
473 2651 520 2712 uis
544 2650 678 2731 animae,
706 2669 768 2714 non
791 2654 913 2714 tantum
938 2652 1103 2732 sensualis,
1126 2671 1200 2716 nam
1220 2652 1276 2714 dun

159 2755 267 2834 sentit,
291 2754 457 2837 intellegit,
481 2755 554 2835 quia
577 2756 603 2818 si
626 2773 686 2818 nou
711 2756 875 2838 intellegit,
899 2776 956 2820 nec
979 2757 1084 2820 sentit.
1130 2756 1279 2840 perindca

158 2876 217 2938 quo
250 2858 475 2941 intelleguntur
498 2859 722 2940 incorporalia?
754 2861 779 2923 si
803 2859 841 2923 ab
867 2862 984 2940 animo,
1015 2860 1068 2924 ubi
1092 2863 1152 2925 erit
1175 2862 1279 2925 anima?

160 2963 185 3024 si
209 2962 248 3025 ab
273 2963 388 3043 anima,
412 2963 464 3026 uti
488 2965 547 3027 erit
570 2965 714 3027 animus?
757 2983 835 3045 quae
860 2965 943 3028 enirn
967 2965 1094 3046 distant,
1118 2966 1226 3030 abesse
1245 2966 1281 3027 in-

160 3066 261 3128 uicem
285 3066 408 3146 debent,
433 3086 504 3130 cum
528 3068 592 3130 suis
617 3068 797 3131 muneribus
821 3073 997 3151 operantur.
1032 3070 1158 3151 putabis
1175 3070 1282 3152 quiden

158 3169 269 3232 abesse
293 3171 433 3234 animum
457 3171 496 3234 ab
520 3174 634 3252 anima,
660 3173 826 3253 siquando
843 3174 947 3238 animo
962 3174 1007 3237 ita
1023 3173 1179 3238 afficimur
1194 3179 1227 3238 ut
1241 3193 1283 3237 ue·

159 3275 293 3337 sciamus
317 3293 373 3339 uos
398 3275 513 3338 uidisse
537 3275 611 3356 quid
634 3276 685 3338 uel
708 3276 843 3357 audisse,
867 3278 939 3359 quia
962 3276 1038 3340 alibi
1053 3277 1149 3342 fuerit
1165 3280 1282 3342 animus.

158 3378 234 3442 adeo
258 3380 443 3442 contendam
465 3381 560 3444 inimo
584 3380 684 3461 ipsam
708 3381 846 3444 animam
870 3400 927 3445 nec
950 3381 1067 3445 uidisse
1090 3372 1149 3446 nec
1165 3384 1283 3459 audisse,

157 3482 230 3563 quia
251 3482 324 3546 alibi
340 3484 434 3547 tuerit
448 3502 520 3547 eum
537 3502 593 3547 sua
609 3485 651 3564 ui,
667 3485 699 3548 id
716 3489 763 3549 cst
779 3486 891 3549 animo.
920 3504 993 3549 nam
1011 3490 1042 3549 et
1058 3505 1131 3550 curn
1147 3485 1284 3551 dementit

201 3639 213 3691 l
243 3636 386 3706 adspirarit
407 3639 476 3707 Rip:
503 3638 651 3708 adspiraret
673 3640 736 3706 AB,
764 3638 913 3708 adspiraret
939 3641 1068 3696 Priorius
1105 3645 1157 3696 “5
1184 3640 1283 3710 aputA

156 3721 282 3790 obsequio
301 3741 351 3779 cor.
371 3725 398 3777 A
453 3726 485 3779 12
504 3724 651 3793 suspendae
669 3727 696 3779 A
755 3727 787 3781 14
806 3725 862 3778 sine
881 3728 961 3795 Bury,
980 3743 1010 3779 ex
1028 3727 1092 3794 AB,
1111 3727 1215 3781 excluso
1231 3731 1284 3796 sort

157 3812 189 3864 18
210 3809 310 3878 auimo]
330 3811 420 3863 anima
434 3811 485 3866 uer
537 3810 768 3866 intellectuarisA
823 3815 855 3867 19
868 3813 929 3879 quia
948 3812 970 3865 si
986 3813 1049 3868 Ger.-
1067 3815 1184 3880 quasiB
1235 3814 1285 3881 quia

156 3895 694 3968 si-intellegitcmA,‘aldcsunt'Bmg
741 3902 775 3953 20
785 3902 811 3952 ct
820 3897 1007 3952 intellectualis
1016 3900 1053 3967 B,
1062 3900 1249 3955 intellectualis
1258 3902 1283 3959 A,

156 3982 305 4036 intellectus
327 3985 376 4039 Get
446 3986 479 4038 22
497 3984 606 4052 perinde
624 3987 735 4054 scripsi:
753 3984 864 4054 proindc
883 3987 938 4039 AB
1008 3988 1040 4040 26
1060 3987 1190 4054 siquando
1209 3988 1284 4040 animo

155 4070 193 4123 ita
217 4069 349 4124 afficimur
371 4075 401 4125 ut
429 4073 492 4127 Urs:
520 4072 541 4124 si
565 4073 678 4139 quando.
703 4090 765 4125 uam
788 4074 825 4126 ita
848 4073 970 4126 efficiunt
993 4077 1023 4126 ut
1045 4075 1087 4138 (ut
1110 4089 1161 4130 ona
1177 4078 1216 4143 A)
1232 4075 1285 4139 AB,

156 4157 311 4225 siquando.
336 4175 397 4210 nam
417 4158 454 4210 ita
473 4157 544 4211 effici
563 4162 593 4211 ut
615 4159 740 4215 Oelulerus
811 4164 844 4215 27
864 4176 912 4212 uos
930 4178 979 4215 ora.
999 4162 1026 4214 A
1097 4161 1212 4226 audisse,
1234 4161 1285 4230 quia

160 4245 224 4298 Urs:
251 4243 354 4296 audisse
383 4261 430 4297 nce
457 4243 562 4297 audisse
585 4245 647 4312 quia
668 4247 731 4314 AB,
759 4246 863 4299 audisse
887 4262 934 4299 nec
957 4262 1009 4299 non
1033 4246 1139 4301 audisse
1162 4249 1223 4318 quia
1246 4246 1285 4301 cu

156 4333 188 4388 27
209 4330 313 4386 animus
324 4360 356 4368 —
367 4333 400 4388 29
420 4330 502 4385 tuerit
520 4349 569 4388 coe.
584 4333 611 4387 A
