2820 4914
137 383 201 445 376
366 379 483 445 Quinti
501 378 639 447 Septimi
658 376 824 430 Florentia
842 374 1046 429 Tertulliani

138 557 256 639 signari
275 556 374 620 filium
391 559 422 620 01
438 555 564 637 quidem
579 553 709 618 maximi
723 554 860 636 impetus
876 552 1029 636 portendi.
1064 550 1266 615 Alexandrum

137 661 191 742 qui
214 661 326 740 sciunt,
356 661 479 724 leonem
503 659 587 723 anuli
610 660 845 741 recognoscunt.
891 657 1035 740 Ephorus
1060 655 1179 721 scribit.
1220 657 1267 720 sed

139 768 169 828 et
190 764 330 847 Dionysii
354 763 475 829 Siciliae
505 763 702 847 tyrannidem
724 763 894 827 Himeraea
917 761 1071 843 quaedam
1099 760 1264 825 somniauit.

136 870 318 934 Heraclides
348 869 490 953 prodidit.
537 872 569 932 et
591 867 718 933 Seleuco
748 887 882 951 regnum
904 866 999 930 Asiae
1021 867 1156 931 Laodice
1178 870 1266 930 mater

98 1000 111 1040 0
137 958 276 1038 nondum
299 993 372 1038 eum
399 974 489 1038 enixa
510 973 673 1056 praeuidit.
708 972 887 1055 Euphorion
909 972 1120 1055 prouulgauit.
1154 971 1265 1034 Mithri-

137 1079 230 1142 daten
261 1096 381 1160 quoque
412 1098 448 1142 ex
477 1079 596 1142 somnio
619 1078 712 1141 Ponti
735 1077 870 1160 potitum
893 1095 911 1140 a
934 1075 1087 1141 Strabone
1115 1093 1263 1159 cognosco,

138 1187 170 1247 et
184 1183 356 1247 Baralirem
371 1183 534 1265 illyricum
549 1200 568 1245 a
582 1182 729 1246 Molossis
753 1201 851 1264 usque
866 1181 1085 1245 Macedoniam
1103 1200 1140 1244 ex
1159 1181 1262 1245 somnio

137 1288 332 1352 dominatum
362 1288 400 1351 de
432 1286 623 1352 Callisthene
654 1286 748 1350 disco.
795 1290 950 1350 nouerunt
979 1289 1011 1350 et
1032 1285 1169 1350 Romani
1196 1285 1262 1348 0001-

137 1392 211 1457 tatis
230 1391 409 1456 huiusmodi
425 1391 556 1456 somnia.
587 1391 823 1455 reformatorem
838 1390 971 1472 imperii,
993 1392 1162 1474 puerulum
1177 1390 1262 1453 adhuc

86 1525 111 1563 10
138 1500 169 1560 et
189 1495 348 1579 priuatum
371 1497 439 1577 loci,
469 1499 500 1560 et
522 1495 639 1559 Iulium
662 1494 828 1560 Octauium
851 1498 976 1559 tantum
999 1497 1032 1558 01
1055 1494 1116 1558 sibi
1136 1495 1261 1578 ignotum

136 1601 181 1664 M.
199 1600 319 1663 Tullius
342 1601 405 1663 iam
429 1603 460 1664 et
477 1599 661 1683 Augustum
685 1603 716 1663 et
738 1599 879 1663 ciuilium
901 1598 1064 1663 turbinum
1088 1599 1261 1682 sepultorem

138 1706 174 1769 de
198 1705 317 1768 somnio
341 1708 441 1768 norat.
487 1705 518 1767 in
535 1704 657 1767 Vitellii
680 1692 912 1768 commentariis
936 1703 1097 1767 conditum
1121 1706 1175 1767 est.
1218 1720 1262 1765 000

137 1809 214 1873 1000
237 1809 303 1873 0010
326 1808 446 1892 speeies
470 1809 528 1872 erit
552 1827 748 1873 summarum
771 1808 977 1891 praedicatrix
997 1810 1199 1891 potestatum,
1220 1806 1263 1870 sed

139 1917 171 1977 et
199 1913 407 1996 periculorum
439 1918 470 1978 et
501 1913 679 1977 exitiorum:
710 1916 746 1977 ut
775 1931 846 1977 cum
870 1912 984 1977 Caesar
1014 1913 1047 1976 in
1069 1913 1186 1995 proelio
1206 1931 1263 1995 per·

87 2043 112 2083 15
139 2017 291 2080 duellium
320 2017 410 2081 Bruti
441 2021 472 2082 et
500 2016 590 2081 Cassi
615 2017 766 2100 Philippis
797 2035 889 2100 aeger
920 2017 1007 2096 alias,
1038 2017 1143 2082 maius
1172 2021 1264 2081 tamen

139 2122 305 2185 discrimen
335 2121 373 2185 ab
404 2120 545 2185 hostibus
576 2122 743 2202 relaturus,
774 2122 811 2185 de
840 2121 948 2186 Artori
979 2121 1101 2186 uisione
1133 2122 1264 2186 destituto

46 2272 48 2277 -
140 2224 338 2290 tabernaculo
366 2226 483 2290 euadit:
514 2229 551 2290 01
573 2244 645 2290 eum
667 2225 824 2308 Polycrati
847 2225 949 2291 Samio
972 2225 1038 2289 filia
1061 2244 1186 2291 crucem
1207 2244 1265 2310 pro

140 2331 230 2412 spicit
252 2331 289 2394 de
313 2330 385 2394 solis
409 2331 545 2414 unguine
569 2334 600 2394 et
615 2331 741 2394 lauacro
756 2330 849 2394 Iouis.
885 2332 1065 2395 reuelantur
1082 2335 1115 2396 01
1130 2328 1264 2415 honores}

141 2439 172 2499 et
193 2434 318 2518 ingenia
340 2453 395 2517 per
418 2434 566 2516 quietem,
589 2437 788 2516 praestantur
811 2438 842 2499 01
864 2435 1026 2517 medellae,
1049 2437 1310 2519 procultorem

88 2563 115 2604 a
141 2540 235 2620 10010,
266 2539 469 2603 conferuntur
500 2543 531 2603 01
560 2539 707 2603 thesauri.
754 2537 909 2603 Ciceronis
940 2540 1072 2622 denique
1098 2542 1267 2625 dignitatem

138 2644 261 2727 paruuli
284 2644 463 2708 etiamnunc
484 2644 594 2727 gerula
615 2644 678 2708 iam
702 2662 758 2708 sua
779 2644 965 2727 inspexerat.
1008 2664 1126 2728 cycnus
1150 2647 1187 2710 de
1210 2647 1267 2710 sim

139 2747 273 2813 Socratis
304 2749 485 2812 demulcens
515 2748 657 2813 homines
688 2749 856 2832 discipulus
879 2749 970 2814 Plato
999 2752 1056 2814 est.
1103 2751 1268 2834 Leonymus

138 2856 245 2935 pyctes
276 2851 315 2916 ab
338 2851 462 2917 Achille
493 2857 617 2918 0000100
647 2853 678 2917 10
702 2854 840 2918 somniis.
886 2872 1033 2918 coronam
1056 2873 1186 2920 auream
1207 2871 1267 2919 cum

139 2975 175 3020 ex
205 2974 274 3020 arce
305 2956 451 3021 Athenae
481 2957 697 3040 perdidissent,
729 2957 895 3041 Sophocles
926 2959 1063 3042 tragicus
1096 2958 1265 3024 somniando
1305 3014 1308 3018 .

86 3087 112 3126 00
138 3061 320 3126 redinuenit.
365 3061 589 3146 Neoptolemus
620 3063 786 3152 tragoedus
817 3063 899 3146 apud
928 3062 1085 3128 Roeteum
1108 3064 1216 3130 Troiae
1241 3065 1265 3126 et

181 3198 346 3254 3dionisius
364 3201 391 3254 A
460 3200 545 3272 sicilie
564 3218 596 3257 ece
614 3200 697 3271 silicie
716 3202 743 3255 A
820 3201 943 3254 hemerea
960 3201 1093 3269 quaedam
1111 3204 1148 3272 B,
1165 3204 1262 3257 hemere.

139 3285 286 3355 squaedam
303 3289 331 3342 A
384 3287 587 3342 400100010οΒ
649 3287 809 3356 5000000100
825 3290 853 3342 A
910 3277 1140 3364 promulgauitnA
1192 3287 1262 3344 mitri·

138 3373 218 3428 daton
231 3375 266 3444 A,
285 3373 469 3428 Mithridatem
482 3376 509 3429 Β
557 3376 729 3445 6quoqqu
776 3374 958 3430 ‘lBalaridem
974 3376 1002 3429 Β
1049 3375 1193 3446 illyricum.
1211 3373 1261 3430 mal·

136 3461 199 3515 10010
217 3462 245 3515 A
298 3465 314 3518 8
332 3461 495 3516 Callisthene
514 3462 593 3517 diseo.
612 3462 753 3515 Nouerunt
765 3463 800 3530 B,
818 3461 896 3531 gallis
914 3462 1037 3517 tenendis
1056 3461 1261 3533 cognoberuntA

138 3551 171 3605 10
189 3550 303 3603 01100010
322 3554 348 3603 01
366 3567 416 3604 om.
430 3551 456 3604 A
511 3548 689 3604 Octauianum
706 3551 770 3618 fort.
825 3551 858 3604 12
876 3552 973 3603 norant
988 3549 1038 3606 aaz
1091 3551 1194 3606 Vitellii
1208 3552 1262 3618 ary.-

137 3634 247 3688 uitelliis
259 3637 315 3690 AB
369 3637 549 3705 1300011000
605 3639 637 3692 14
649 3635 748 3704 praelio
761 3637 831 3706 Rip:
847 3635 1046 3705 praeliumAB
1103 3641 1135 3694 15
1148 3634 1261 3706 Philippis

139 3722 202 3778 Gal:
219 3722 355 3792 philippus
372 3724 428 3777 AB
480 3724 552 3788 alias,
572 3723 657 3777 maius
675 3725 766 3777 tamen
784 3722 927 3777 discrimen
946 3723 979 3778 ab
997 3724 1121 3779 hostibus
1139 3726 1262 3785 relaturus,

138 3809 171 3863 de
188 3808 280 3863 Artori
298 3811 456 3866 Hartelias:
474 3810 540 3864 alias
562 3811 648 3864 maius
671 3813 762 3863 tamen
781 3809 846 3864 01100
865 3809 966 3864 crimen
987 3810 1020 3865 ab
1038 3812 1163 3867 hostibus
1180 3813 1263 3867 relatu·

137 3914 198 3951 rum
221 3913 248 3950 se
271 3897 352 3950 artori
375 3899 439 3967 AB,
462 3898 526 3951 alias
550 3899 725 3962 maiestatem,
749 3897 813 3950 alias
836 3897 937 3951 crimen
959 3897 1120 3965 (discrimen
1142 3902 1219 3967 Pam)
1238 3896 1264 3950 ab

137 3983 258 4038 hostibus
277 3983 416 4050 relaturus,
435 3984 535 4038 Artorii
556 3985 613 4055 Gal,
626 3987 706 4054 Pam,
724 3985 810 4038 maius
828 3988 920 4038 tamen
937 3984 1003 4038 alias
1022 3984 1166 4040 discrimen
1177 3984 1267 4040 Artorii

137 4072 201 4142 Rip,
220 4071 292 4137 alias,
311 4072 396 4126 maius
415 4074 505 4126 tamen
523 4075 596 4126 ratus
615 4072 759 4127 discrimen
777 4072 809 4126 ab
827 4071 949 4126 hostibus
967 4072 1115 4127 relaturum
1134 4090 1169 4140 se,
1187 4072 1269 4128 Artori

142 4158 266 4214 Oebleras
339 4161 370 4214 18
393 4159 442 4212 soli
465 4159 593 4227 sauguine
616 4162 642 4214 A
713 4162 745 4214 21
769 4176 846 4213 suam
870 4161 920 4215 dez
989 4162 1024 4215 22
1047 4159 1208 4230 Cleonymus
1227 4162 1270 4217 aar

138 4249 172 4301 24
190 4245 370 4315 prodidissent
388 4247 415 4300 Β
485 4247 604 4315 tragigus
622 4250 650 4302 A
720 4250 753 4302 25
775 4248 905 4301 Rheteum
924 4249 1008 4303 Pam:
1030 4249 1144 4302 ritreum
1162 4252 1198 4320 A,
1219 4249 1272 4304 Eri·

24 4403 25 4406 Ἴ
138 4332 245 4385 threum
263 4335 290 4387 Β
344 4334 370 4386 01
388 4333 486 4388 addidi

20 4552 173 4630 A
