2820 4914
137 365 202 430 360
370 363 485 430 Quinti
503 363 642 434 Septimi
661 363 829 418 Plorantis
847 363 1047 418 Tertulliani

137 540 254 625 proelio
278 543 448 622 extorquet,
477 558 540 605 non
562 541 675 621 latone,
706 558 767 605 non
791 541 914 620 feliane,
941 557 1004 604 non
1027 539 1285 604 cauillabundus.

138 663 247 709 uereor
277 665 316 709 ne
344 645 398 709 ille
421 646 521 729 magis
544 648 633 729 pater
655 646 749 710 fuerit
771 645 825 727 qui
848 645 930 709 circa
952 645 1094 709 Helenae
1118 663 1286 726 recupera-

138 750 256 815 tionem
280 753 311 814 et
333 749 514 834 uigilantius
538 753 570 814 et
592 751 757 815 audentius
781 753 811 814 et
834 750 951 815 diutius
974 749 1181 815 laborauerit.

182 851 234 917 35.
259 852 320 919 Sed
342 872 404 917 non
428 854 484 918 tibi
500 855 558 918 soli
574 855 852 938 metempsychosis
868 855 949 919 hanc
963 855 1108 919 fabulam
1123 855 1282 919 instruxit.

100 986 113 1026 s
139 959 210 1023 inde
233 960 329 1023 etiam
346 958 546 1042 Carpocrates
563 960 662 1024 utitur
678 960 793 1043 pariter
808 979 930 1044 magus,
953 961 1070 1043 pariter
1086 960 1282 1040 fornicariae,

139 1064 198 1127 etsi
219 1063 342 1127 Helena
364 1063 477 1127 minus.
517 1064 646 1146 quidni?
677 1083 749 1128 cum
772 1068 897 1147 propter
920 1065 1136 1140 omnimodam
1162 1065 1282 1129 diuinae

140 1171 171 1233 et
192 1168 349 1232 humanae
379 1168 561 1252 disciplinae
585 1169 780 1233 euersionem
811 1170 1062 1234 constituendam
1092 1171 1282 1254 recorporari

140 1273 261 1337 animas
284 1273 535 1337 asseueraucrit?
569 1275 647 1338 nulli
671 1275 755 1338 enim
778 1275 877 1338 uitam
900 1274 996 1338 istam
1018 1278 1087 1339 rato
1110 1273 1180 1338 fieri
1200 1272 1205 1359 Ι
1224 1275 1321 1338 nisisi

141 1377 294 1442 uniuersis
324 1396 404 1459 quae
427 1381 563 1462 arguunt
585 1397 655 1442 eam
681 1379 850 1461 expunctis,
882 1379 954 1460 quia
984 1396 1046 1443 non
1074 1382 1191 1443 natura
1213 1378 1280 1461 quid

90 1509 114 1547 io
141 1483 260 1546 malum
283 1481 445 1563 habeatur,
469 1482 523 1546 sed
547 1483 699 1565 opinione.
739 1483 844 1565 itaque
868 1484 1156 1567 metempsychosin
1180 1502 1278 1547 neces-

141 1587 221 1653 sarie
244 1587 420 1667 imminere,
444 1587 471 1650 si
494 1604 556 1650 non
578 1588 610 1650 in
633 1588 733 1671 primo
757 1605 878 1669 quoque
898 1587 981 1651 uitae
997 1588 1091 1651 huius
1108 1591 1276 1652 commeatu

143 1692 288 1757 omnibus
311 1691 438 1756 inlicitis
462 1691 603 1756 satisfiat.
643 1693 761 1756 scilicet
791 1693 927 1756 facinora
954 1691 1072 1756 tributa
1095 1696 1171 1756 sunt
1192 1693 1274 1756 uitae.

143 1801 282 1863 ceterum
297 1796 412 1860 totiens
429 1796 567 1860 animam
582 1797 720 1861 reuocari
736 1795 851 1861 habere
868 1797 1011 1878 quotiens
1027 1797 1134 1860 minus
1151 1797 1223 1878 quid
1235 1797 1274 1860 in·

144 1903 261 1982 tulerit,
272 1901 502 1982 reliquatricem
515 1901 706 1982 delictorum,
720 1901 834 1966 donec
850 1902 1020 1965 exsoluat
1035 1901 1274 1965 nouissimum

93 2033 118 2072 15
145 2007 391 2089 quadrantem
407 2005 533 2070 detrusa
547 2005 717 2070 identidem
733 2006 766 2069 in
782 2024 938 2070 carcerem
954 2005 1101 2088 corporis.
1124 2007 1186 2070 huc
1201 2006 1275 2069 enim

145 2113 301 2194 temperat
315 2113 414 2175 totam
429 2111 516 2174 illam
536 2111 706 2194 allegorian
728 2110 844 2174 domini
864 2112 957 2175 certis
973 2109 1275 2192 interpretationibus

144 2217 336 2281 relucentem
367 2217 399 2279 et
427 2215 526 2299 primo
557 2215 682 2297 quidem
706 2215 890 2298 simpliciter
917 2214 1174 2298 intellegendam.
1211 2234 1275 2278 nam

146 2325 178 2386 et
200 2321 341 2385 ethnicus
363 2319 457 2384 homo
480 2319 675 2383 aduersarius
699 2324 805 2384 noster
828 2323 876 2383 est
897 2319 1044 2383 incedens
1060 2320 1094 2384 in
1110 2321 1219 2384 eadem
1233 2319 1276 2382 uia

146 2428 230 2493 uitae
261 2423 444 2490 communis.
480 2426 618 2487 ceterum
649 2424 810 2507 oportebat
839 2414 906 2488 nos¹
927 2424 964 2487 de
995 2424 1114 2487 mundo
1139 2425 1228 2505 exire,
1255 2425 1276 2486 si

88 2557 120 2602 ,so
146 2551 218 2597 cum
232 2531 295 2595 illis
311 2528 490 2597 conuersari
505 2546 567 2593 non
582 2529 700 2592 liceret.
723 2528 796 2592 huic
812 2546 884 2612 crgo
900 2528 1018 2592 bonum
1033 2529 1133 2593 animi
1149 2532 1274 2613 praestes

146 2636 234 2701 iubet
256 2671 299 2681 —
324 2634 471 2718 diligite
500 2634 584 2697 enim
611 2633 783 2697 inimicos
813 2637 961 2697 uestros
989 2633 1092 2715 inquit
1125 2637 1162 2698 et
1184 2636 1275 2697 orate

146 2760 210 2826 pro
234 2737 548 2805 maledicentibus
572 2756 636 2801 uos
653 2774 696 2784 -
714 2757 753 2802 ne
769 2738 872 2819 aliquo
888 2738 1073 2802 commercio
1089 2739 1276 2821 negotiorum

147 2846 259 2910 iniuria
281 2846 466 2927 prouocatus
490 2842 652 2907 abstrahat
674 2845 705 2906 te
729 2842 767 2906 ad
791 2861 882 2906 suum
905 2841 1048 2922 iudicem,
1077 2844 1108 2906 et
1131 2843 1164 2906 iu
1187 2845 1276 2906 custo-

148 2951 231 3014 diam
261 2949 422 3031 dclegatus
453 2947 492 3012 ad
522 2947 747 3012 exsolutionem
774 2948 869 3011 totius
893 2946 989 3011 debiti
1012 2947 1133 3011 arteris.
1172 2951 1238 3011 turn
1258 2946 1276 3009 si

95 3078 120 3118 aa
147 3055 181 3118 in
205 3053 363 3118 diabolum
386 3052 583 3117 transfertur
596 3052 765 3116 aduersarii
788 3052 917 3132 mentio,
941 3071 976 3115 ex
996 3050 1216 3116 obseruatione
1237 3069 1276 3114 co-

148 3159 278 3223 mitante
301 3176 373 3221 cum
395 3158 448 3221 illo
473 3175 595 3239 quoque
619 3156 754 3220 moneris
778 3175 848 3220 cam
870 3156 948 3220 inire
971 3155 1181 3237 concordiam,
1211 3172 1277 3238 quae

148 3265 313 3345 deputetur
337 3282 373 3326 ex
395 3261 467 3325 fidei
490 3261 709 3335 conuentione3
732 3265 841 3343 pactus
866 3280 899 3325 es
923 3261 1006 3325 enim
1029 3262 1209 3325 renuntiare
1230 3258 1278 3341 ipsi

149 3371 180 3433 et
208 3386 341 3452 pompae
365 3369 397 3430 et
419 3366 538 3449 angelis
563 3366 638 3430 eiua.
677 3365 825 3430 conuenit
854 3366 934 3429 inter·
957 3383 1013 3430 uos
1042 3365 1080 3428 de
1103 3365 1173 3429 isto.
1212 3365 1279 3428 haee

150 3472 209 3537 erit
238 3471 375 3536 amicitia
398 3469 614 3536 obseruatione
638 3470 823 3552 sponsionis,
853 3489 892 3533 ne
924 3469 998 3551 quid
1020 3470 1086 3532 eius
1110 3472 1221 3552 postca
1240 3487 1279 3531 re-

255 3643 299 3712 14]
318 3643 413 3697 Masta.
428 3647 451 3706 5,
465 3647 507 3698 aa.
578 3641 624 3711 ao]
643 3641 754 3696 111111.
768 3643 847 3706 5,44.
919 3640 965 3710 21]
983 3640 1048 3694 nuc.
1061 3643 1085 3705 o,
1099 3643 1132 3696 27
1150 3642 1178 3694 eu
1195 3643 1234 3705 12,
1246 3641 1279 3695 as.

150 3731 196 3801 23]
215 3730 358 3786 11112111.
372 3733 449 3795 aaa.

196 3891 209 3943 l
234 3887 441 3942 canellabundus
463 3887 490 3940 A
560 3889 577 3942 3
599 3885 773 3939 exundantius
795 3886 822 3940 A
896 3888 912 3939 4
935 3883 985 3938 AD
1008 3882 1207 3951 (ADVERSVS
1231 3883 1283 3949 Gal)

152 3974 398 4032 CARPOCRATIS
417 3971 621 4028 OPINIONEM
639 3974 703 4041 AB,
718 3973 768 4028 uec
820 3976 837 4028 8
854 3972 1077 4040 iuterropoticm's
1089 3972 1201 4040 siquam
1208 3970 1286 4040 posui

154 4066 186 4119 lc
204 4060 351 4134 necessarie¹
368 4063 395 4116 A
450 4063 483 4116 16
501 4059 695 4128 allegoria-mB
749 4062 781 4114 17
799 4058 1009 4126 intellegendum
1022 4058 1049 4111 A
1105 4060 1137 4113 18
1156 4061 1184 4112 et
1202 4057 1286 4114 ornA

152 4150 294 4205 incaedens
312 4150 339 4203 A
401 4147 474 4201 uiam
492 4148 519 4201 A
581 4149 614 4202 20
632 4146 696 4200 boni
714 4148 740 4200 A
802 4148 834 4201 21
854 4144 929 4199 iubet
947 4163 997 4200 oca.
1017 4145 1044 4198 A
1105 4144 1178 4197 enim
1197 4145 1287 4201 ouuA

153 4242 180 4292 et
198 4239 246 4293 del.
263 4238 314 4293 Get
376 4234 629 4290 2220111211ϊίοΑ
694 4234 774 4288 23111
791 4235 826 4300 B,
845 4232 879 4286 ad
897 4233 924 4286 A
993 4233 1027 4286 24
1046 4231 1289 4286 exsoluitionemA

154 4328 186 4379 27
197 4323 398 4379 renunciasseA
433 4323 466 4376 29
476 4319 659 4374 obseruatione
669 4320 732 4387 AB,
742 4318 891 4373 obseruatio
901 4320 981 4389 Bmp,
992 4318 1023 4370 de
1034 4316 1220 4372 obseruatione
1230 4320 1289 4387 sort.
