2820 4914
156 388 220 452 366
388 387 503 454 Quinti
521 388 660 458 Septimi
678 388 846 442 Florentia
865 388 1065 442 Tertulliani

154 568 266 628 natura
281 565 443 645 desideret,
461 565 544 629 aliud
560 567 756 646 necessitate,
774 567 857 629 aliud
873 566 1047 630 secundum
1062 566 1302 649 proprietatem,

154 670 238 733 aliud
268 670 300 733 in
330 688 467 734 causam.
515 670 703 735 desiderabit
731 671 827 754 igitur
850 671 935 735 cibos
958 672 1064 734 anima
1088 670 1150 734 sibi
1176 669 1300 751 quidem

154 794 190 838 ex
214 793 308 839 causa
331 775 536 856 necessitatis,
561 777 646 838 carni
669 793 742 839 uero
766 795 802 838 ex
825 780 937 840 natura
959 775 1175 858 proprietatis.
1221 776 1299 838 certe

154 879 237 942 enim
257 879 368 943 domus
390 880 512 944 animae
535 897 606 956 caro
629 883 688 961 est,
712 883 744 944 et
766 880 935 961 inquilinus
958 881 1059 944 carnis
1084 880 1202 943 anima.
1224 876 1230 962 Ι
1249 879 1333 941 deti

113 1008 126 1047 s
154 983 303 1048 siderabit
332 985 437 1066 itaque
467 985 637 1066 inquilinus
667 1004 703 1048 cx
733 1003 829 1049 causa
860 988 890 1049 et
916 985 1103 1049 necessitate
1125 984 1223 1049 huius
1245 1002 1295 1047 no-

153 1089 246 1152 minis
276 1089 439 1172 proiutura
469 1089 574 1153 domui
605 1093 670 1154 toto
697 1090 901 1171 inquilinatus
926 1090 973 1153 sui
995 1093 1147 1173 tempore,
1180 1107 1242 1153 non
1264 1092 1293 1150 ut

152 1194 219 1276 ipse
250 1192 477 1257 substruendus
507 1213 565 1257 nec
594 1198 630 1258 nt
660 1194 726 1277 ipse
749 1195 937 1274 loricandus,
968 1213 1025 1258 nec
1048 1197 1085 1257 ut
1106 1195 1176 1276 ipse
1200 1193 1291 1256 tibici-

46 1286 49 1290 ’
152 1298 285 1379 naudus,
309 1299 363 1362 sed
386 1299 604 1364 tantummodo
628 1299 844 1380 continendus,
869 1301 941 1381 quia
960 1317 1023 1363 non
1039 1298 1131 1362 aliter
1148 1297 1289 1362 contineri

151 1403 250 1484 possit
273 1422 366 1485 quam
391 1403 481 1467 domo
505 1404 594 1467 fulta,
634 1404 770 1486 alioquin
794 1403 901 1467 licebit
923 1404 1046 1467 animae
1067 1403 1192 1486 dilapsa
1207 1403 1287 1466 domo

100 1532 125 1570 ro
152 1526 188 1570 ex
219 1507 420 1572 destitutione
451 1509 589 1591 priorum
620 1508 828 1572 subsidiorum
859 1509 1007 1572 incolumi
1038 1508 1135 1588 abire,
1169 1506 1286 1572 habenti

152 1630 209 1676 sua
238 1611 438 1676 firmamenta
468 1615 499 1676 et
528 1613 669 1696 propriae
700 1613 888 1677 condicionis
919 1613 1080 1693 alimenta,
1111 1611 1286 1675 immortali-

151 1719 249 1780 tatem
286 1717 531 1781 rationalitatem
565 1718 801 1782 sensualitatem
834 1717 1142 1781 intellectualitatem
1177 1714 1286 1780 arbitrii

151 1821 338 1886 libertatem.
355 1846 359 1854 ·

194 1924 246 1989 39.
271 1924 356 2006 Quae
381 1926 486 1989 omnia
508 1927 661 1990 natiuitus
685 1928 808 1990 animae
831 1927 955 1991 conlata
977 1926 1072 2006 idem,
1100 1926 1156 2007 qui
1177 1926 1210 1990 in
1230 1924 1285 2008 pri-

100 2056 124 2094 n
152 2030 271 2094 mordio
302 2007 423 2110 inuidit,
455 2049 537 2094 nunc
568 2049 689 2113 quoque
717 2030 885 2095 obumbrat
908 2034 1002 2113 atque
1025 2032 1189 2114 deprauat,
1219 2048 1285 2111 quo-

150 2134 255 2197 minus
286 2137 341 2198 aut
366 2134 448 2198 ultro
470 2135 698 2217 prospiciantur
721 2139 776 2199 aut
798 2154 859 2217 qua
881 2138 1003 2218 oportet
1026 2126 1284 2199 administreirtur.

151 2238 200 2300 cui
231 2237 315 2300 enim
344 2238 507 2316 hominum
538 2256 600 2302 non
630 2240 813 2304 adhaerebit
842 2240 968 2323 spiritus
998 2257 1137 2321 nequam
1165 2239 1203 2303 ab
1225 2239 1286 2322 ipsa

150 2342 247 2406 etiam
270 2343 364 2407 ianua
386 2344 558 2408 natiuitatis
582 2345 704 2408 animas
727 2344 972 2428 aucupabundus
996 2345 1046 2407 uel
1063 2363 1125 2426 qua
1141 2344 1284 2409 inuitatus

34 2475 35 2478 ¹
149 2449 216 2510 tota
245 2448 300 2510 illa
326 2448 482 2531 puerperii
506 2448 748 2531 superstitione?
793 2449 838 2512 ita
860 2468 968 2513 omnes
991 2449 1168 2513 idololatria
1190 2447 1285 2513 obste-

97 2578 123 2617 eo
150 2551 227 2614 trice
257 2555 438 2632 nascuntur,
470 2552 544 2615 dum
570 2553 631 2635 ipsi
654 2553 753 2616 adhuc
776 2553 857 2617 uteri
878 2553 984 2617 infulis
1008 2554 1091 2635 apud
1114 2554 1199 2617 idola
1220 2570 1285 2616 con-

149 2654 238 2719 fectis
262 2656 399 2720 redimiti
421 2657 580 2739 genimina
595 2675 652 2720 sua
668 2657 900 2721 daemoniorum
917 2658 1081 2722 candidata
1095 2657 1283 2740 profitentur,

149 2761 224 2824 dum
256 2761 288 2823 in
320 2764 411 2843 partu
433 2761 571 2825 Lucinae
602 2764 633 2825 et
655 2762 776 2826 Dianae
806 2763 971 2842 heiulatur,
1003 2762 1078 2825 dum
1108 2781 1166 2844 per
1193 2766 1283 2826 totam

148 2863 379 2929 hebdomadam
409 2865 522 2929 lunoni
548 2884 659 2929 mensa
680 2867 875 2948 proponitm,
906 2867 981 2930 dum
1004 2867 1119 2930 ultima
1142 2867 1192 2931 die
1215 2867 1284 2930 Fata

29 3004 31 3008 ·
149 2967 321 3033 Scribunda
351 2970 553 3050 aduocantur,
588 2970 663 3033 dum
692 2972 794 3053 prima
824 2971 919 3035 etiam
950 2971 1131 3035 constitutio
1161 2970 1282 3035 infantis

97 3099 122 3138 25
149 3092 241 3155 super
271 3077 386 3137 terram
409 3073 550 3140 Statinae
574 3075 649 3138 deae
673 3072 799 3139 sacrum
820 3079 877 3140 est.
923 3076 992 3158 quis
1015 3094 1078 3140 non
1102 3076 1214 3140 exinde
1237 3077 1282 3139 ant

149 3180 250 3241 totum
280 3178 337 3241 filii
364 3181 459 3263 caput
480 3179 581 3243 reatui
603 3182 698 3243 uouet
720 3183 775 3243 aut
798 3180 932 3262 aliquem
956 3181 1070 3263 excipit
1092 3181 1213 3245 crinem
1236 3181 1282 3243 aut

148 3284 250 3345 totum
280 3284 433 3346 nouacula
462 3286 605 3366 prosecat
635 3287 690 3347 aut
720 3284 869 3349 sacrificio
900 3284 1018 3368 obligat
1045 3288 1100 3348 aut
1124 3303 1213 3349 sacro
1235 3285 1281 3348 ob·

148 3386 262 3470 signat,
292 3405 346 3469 pro
377 3387 511 3470 gentica,
542 3406 596 3470 pro
620 3389 713 3468 auita,
745 3407 800 3471 pro
823 3388 950 3471 publica
972 3391 1026 3453 aut
1047 3389 1174 3471 priuata
1197 3390 1281 3453 deuc-

147 3491 253 3554 tione?
299 3492 343 3554 sic
373 3492 469 3575 igitur
500 3496 530 3556 et
553 3492 700 3557 Socraten
729 3512 862 3575 puerum
885 3493 986 3557 adhuc
1009 3493 1140 3576 spiritus
1164 3495 1281 3558 daemo-

192 3734 205 3787 1
226 3734 266 3784 est
284 3734 380 3785 natura
399 3732 547 3786 desiderare
565 3734 637 3802 qu
699 3735 715 3787 2
734 3732 796 3802 sibi]
816 3733 838 3786 si
856 3734 883 3788 A
901 3751 969 3791 corr.
1035 3736 1051 3789 6
1069 3734 1243 3802 inquilinatui
1258 3734 1282 3787 A

147 3821 162 3872 7
181 3818 332 3873 loricandus
350 3821 420 3874 Lat:
441 3820 595 3888 gloriandus
614 3822 669 3874 AB
741 3824 772 3877 10
795 3821 914 3890 priorum
936 3823 1045 3891 ABucq,
1067 3824 1237 3891 propriorum
1259 3824 1282 3876 B

148 3908 179 3960 17
207 3906 357 3960 NVLLAM
383 3906 474 3960 FERE
497 3907 607 3974 (PENE
634 3909 694 3974 Ger)
717 3907 866 3961 ANIMAM
890 3908 972 3962 SINE
995 3907 1190 3965 DAEMONIO
1213 3908 1283 3976 (DE-

146 3992 263 4047 MONIO
281 3996 320 4056 A)
338 3993 421 4047 ESSE
440 3995 489 4049 Cui
507 3995 570 4061 AB,
586 3996 636 4049 ceu
691 4011 812 4064 nequam,
831 4011 884 4062 qua
900 4000 963 4066 fort.
1021 3999 1052 4053 18
1071 3996 1156 4050 innua
1174 3998 1202 4051 A
1220 4015 1282 4052 corr.

147 4079 201 4149 uel]
220 4081 291 4133 ultro
309 4084 373 4149 fort.
449 4081 511 4148 quia
528 4082 673 4136 Herculius
690 4083 736 4151 (cf.
753 4084 871 4152 380,21)
941 4086 975 4138 20
997 4083 1049 4151 ipsi
1069 4083 1133 4140 ceu·
1156 4085 1215 4153 ipsa
1231 4085 1283 4138 AB

146 4169 180 4222 22
199 4167 314 4220 eiulatur
332 4169 367 4235 B,
386 4167 520 4220 eiulantur
537 4169 609 4238 Brnq
675 4171 708 4224 23
725 4168 920 4223 hebdomadem
938 4170 966 4224 A
1030 4173 1064 4225 25
1083 4170 1206 4225 Statinae
1224 4173 1284 4225 deae

149 4254 211 4308 Gcl:
229 4255 321 4307 statim
340 4255 435 4307 aedeae
453 4256 509 4309 AB
573 4257 607 4309 26
626 4254 674 4307 filii
695 4257 758 4310 Gcl:
776 4256 822 4309 seli
841 4258 897 4310 AB
962 4257 1032 4309 eatui
1051 4258 1087 4321 A,
1107 4275 1137 4311 ea
1156 4260 1198 4312 tui
1216 4261 1285 4328 Brup

147 4340 247 4408 aliquid
260 4341 368 4409 excipit;
381 4341 488 4396 Crimen
500 4342 527 4396 A
567 4345 600 4397 27
614 4344 702 4396 totum
713 4345 824 4412 scripsi:
836 4346 894 4397 tota
905 4344 961 4397 AB
1000 4346 1035 4399 28
1046 4344 1167 4412 plublice
1180 4347 1207 4401 A
1220 4364 1285 4403 corr.

24 4491 153 4630 ’ἱ
