2820 4914
226 379 289 444 218
425 379 455 446 Q.
475 380 501 434 S.
520 380 549 434 F.
569 379 777 433 Tertulliani.
805 380 864 434 Vll.
884 381 928 434 De
946 380 1108 449 baptismo
1127 383 1169 435 20.

226 556 338 639 etquis
351 557 435 621 enirn
449 556 604 639 prohibet,
621 557 682 620 nisi
698 556 868 621 necessitas
884 556 989 641 gaudii
1005 560 1036 621 et
1050 556 1220 640 gratulatio
1236 556 1346 619 salutis?

226 662 280 725 sed
304 662 457 741 dominus
487 662 674 743 quantulum
697 662 839 742 aestimo,
870 662 908 725 de
930 661 1031 744 figura
1052 660 1181 725 Israelis
1205 660 1345 742 exprobra·

225 767 342 831 tionem
364 766 398 831 in
420 768 524 848 ipsum
547 767 681 830 retorsit.
727 784 861 848 namque
884 767 1017 849 populus
1041 783 1128 830 mare
1152 769 1346 848 transgressus

226 876 257 935 et
282 873 314 934 in
343 871 541 935 solitudinem
568 871 738 934 translatus
765 890 821 955 per
844 870 1050 954 quadraginta
1077 887 1177 933 annos
1205 869 1269 933 illio
1294 887 1347 932 eun

186 1004 199 1044 ι
226 976 339 1040 diuinis
362 976 458 1060 copiis
483 975 627 1055 aleretur,
652 975 851 1039 nihilominus
875 973 995 1039 uentris
1019 977 1050 1038 et
1068 973 1162 1058 gulae
1182 973 1348 1037 meminerat

225 1099 320 1163 quam
344 1080 401 1143 dei.
448 1079 558 1143 deinde
582 1079 726 1143 dominus
749 1082 820 1162 post
843 1097 955 1161 aquam
981 1081 1166 1162 segregatus
1190 1077 1223 1141 in
1247 1078 1348 1141 deserta

225 1185 432 1268 quadraginta
398 1184 606 1248 tadierum
597 1183 713 1248 ieiunia
737 1202 883 1248 emensus
907 1186 956 1247 ost
942 1182 1044 1247 tendit
1030 1186 1128 1246 tnon
1152 1200 1234 1265 pane
1262 1182 1349 1244 uiuere

224 1290 384 1354 hominem
416 1289 479 1368 dei,
514 1288 568 1352 sed
599 1288 648 1351 dei
679 1287 819 1352 norbet
806 1290 927 1372 ttaemp
927 1287 1089 1368 tionesque
1118 1286 1399 1394 plenitudiniet
1382 1346 1390 1353 ,

225 1395 480 1459 immoderantiae
503 1394 623 1458 uentris
647 1394 802 1476 appositas
827 1392 906 1457 abst'
885 1396 972 1456 tinen
973 1393 1019 1457 tia
973 1392 1121 1457 telidi.
1157 1391 1255 1475 igitur
1275 1366 1399 1454 bene·

174 1528 198 1565 10
225 1500 309 1580 dieti,
276 1503 410 1580 tquos
430 1502 501 1581 grat
501 1498 532 1561 ia
488 1498 601 1562 tdei
622 1501 774 1580 expectat,
798 1515 870 1560 eum
891 1497 929 1560 de
948 1497 1002 1560 illo
1023 1496 1223 1560 sanctissimo
1244 1496 1355 1558 lauacro

225 1605 297 1668 noui
325 1609 380 1668 nat
367 1603 438 1667 talis
469 1603 699 1666 aseenditist
667 1606 699 1666 et
724 1601 842 1684 primas
873 1619 985 1665 manus
1017 1600 1100 1683 apud
1129 1603 1267 1664 matrem
1295 1618 1357 1662 oum

224 1710 287 1772 frat
288 1707 372 1772 ribus
403 1707 503 1790 aperit
503 1708 540 1786 ιι,
571 1707 666 1789 petite
636 1706 734 1769 tede
764 1710 862 1788 patre,
890 1705 955 1790 peti
944 1708 987 1769 rte
957 1705 1055 1769 tde
1083 1704 1221 1820 domino,
1248 1703 1361 1786 peculia

224 1813 354 1896 gratiae,
378 1810 614 1876 distributiones
640 1811 864 1875 eherismatum
888 1808 1056 1873 subiacere.
1095 1808 1175 1891 peti
1180 1812 1232 1888 t,e
1256 1810 1291 1871 et
1312 1826 1363 1871 ιι

225 1918 396 2000 oipietis‚
425 1916 535 1998 inquit.
581 1915 747 1997 quaesistis
776 1915 859 1978 enim
888 1916 919 1978 et
940 1913 1122 1987 inuenistis;
1149 1913 1306 1997 ,pulsastis
1337 1916 1365 1976 et

114 2084 116 2088 ,
175 2049 198 2086 15
226 2025 368 2103 apertum
400 2025 448 2085 est
474 2019 574 2084 uobis.
621 2023 744 2083 tantum
773 2037 835 2100 oro,
867 2022 911 2099 ut,
935 2037 1006 2083 oum
1029 2017 1148 2101 petitis,
1172 2017 1271 2081 etiem
1294 2016 1366 2081 Ter·

225 2126 347 2189 tulliani
370 2126 539 2207 peccatoris
565 2124 779 2189 memineritis,

330 2324 374 2393 13]
393 2323 489 2377 Matth.
504 2326 527 2387 7,
540 2326 563 2378 6.
578 2341 581 2346 ·

270 2512 281 2564 1
302 2507 391 2576 eequis
413 2509 539 2562 (lellerus
601 2508 765 2573 ‘lquautum
784 2505 905 2558 existimo
928 2507 979 2561 Urs
1040 2508 1056 2560 4
1075 2508 1102 2558 et
1122 2505 1186 2560 Gal:
1204 2508 1245 2558 est
1264 2507 1302 2574 B,
1321 2525 1368 2561 om.

224 2597 280 2665 iti-9
349 2594 521 2648 solitudinem
543 2595 610 2648 Iun:
632 2592 775 2646 solitudine
799 2594 826 2646 B
895 2591 1045 2661 dproinde
1068 2594 1124 2647 Lat
1189 2592 1299 2646 deserto
1322 2595 1369 2649 Urs

226 2687 257 2738 12
276 2682 395 2750 domiuo]
414 2682 495 2749 petite
515 2681 546 2734 de
565 2681 659 2749 spiritu
679 2684 770 2733 saneto
789 2681 916 2734 addendo
933 2684 996 2748 sort.
1052 2682 1085 2735 13
1102 2680 1206 2748 gratiae
1228 2680 1370 2736 Oelrlomr:

224 2770 310 2838 gratia
328 2771 363 2836 Β,
381 2769 481 2837 gratias
496 2769 546 2823 Gal
598 2767 750 2821 subiacente
771 2768 828 2834 θοι,
847 2766 1003 2820 subiiciente
1021 2767 1093 2821 Pam
1164 2765 1369 2821 distributiones

224 2857 416 2910 charismatum
435 2855 569 2908 subiacere
587 2862 618 2909 ιιι
636 2856 754 2924 oleosum
773 2856 840 2909 delet
858 2855 1036 2910 Homeristas
