2820 4914
208 366 250 431 92
434 367 547 434 Quinti
566 366 703 436 Septimi
723 367 891 421 Florentis
910 367 1110 422 Tertulliani

208 547 239 608 et
260 544 432 626 philosophi
456 544 494 607 de
517 545 692 608 animarum
719 542 723 627 Ι
749 545 989 627 reciprocatione
1016 549 1047 609 et
1069 546 1174 609 iudicii
1196 545 1352 610 distribu-

207 649 291 712 tione
313 649 506 713 confirmant.

250 752 301 816 20.
326 753 466 833 Quonam
487 753 491 837 Ι
512 755 604 838 igitur
627 773 735 836 usque,
758 756 971 836 iniquissimae
994 755 1145 836 nationes,
1170 774 1235 819 non
1253 774 1353 840 agno-

208 859 305 938 scitis,
336 859 432 922 immo
463 860 589 941 insuper
621 858 816 943 execralmini
846 864 982 941 uestros
1013 861 1038 924 si
1069 861 1146 924 nihil
1176 861 1262 924 inter
1292 881 1351 926 nos

167 990 180 1028 s
207 964 371 1028 diuersitas
394 964 498 1044 hahet,
523 965 548 1027 si
570 985 668 1028 unum
693 970 722 1028 et
746 965 846 1028 eidem
870 968 1001 1029 sumus?
1032 966 1103 1046 quia
1122 963 1127 1048 l
1147 984 1211 1029 non
1237 966 1351 1031 odistis

206 1069 288 1151 quod
316 1069 400 1149 estis,
436 1069 507 1132 date
535 1071 656 1133 dextras
684 1071 796 1152 potius,
831 1070 1021 1153 compingite
1049 1070 1169 1150 oscula,
1204 1068 1351 1156 mislcete

206 1176 393 1257 complexus,
418 1176 538 1239 cruenti
553 1194 623 1238 cum
640 1177 785 1255 cruentis,
809 1175 920 1238 incesti
936 1194 1007 1238 curn
1022 1176 1159 1255 incestis,
1176 1173 1348 1260 coniurati!

206 1297 276 1342 curn
307 1279 485 1359 coniuratis,
502 1273 666 1343 ‘obstinati
697 1284 727 1344 et
757 1280 830 1344 uani
861 1299 931 1343 cum
967 1278 1158 1361 aequalibus.
1227 1281 1349 1362 pariter

206 1384 332 1447 deorum
356 1381 512 1468 ,nupmina
533 1386 692 1465 laesimus
723 1386 839 1467 pariter
866 1384 1113 1468 indignationem
1141 1402 1252 1448 eorum
1275 1404 1349 1469 pro-

154 1511 179 1550 10
206 1508 363 1553 uocamus.
430 1489 552 1552 hahetis
577 1493 608 1553 et
636 1487 640 1572 Ι
668 1508 723 1553 uos
747 1490 875 1553 tertium
898 1509 997 1571 genus
1021 1489 1080 1553 etsi
1103 1508 1165 1553 non
1188 1489 1228 1552 dc
1253 1491 1348 1555 tertio

204 1593 275 1673 ritu,
299 1597 439 1675 attamen
463 1594 499 1657 de
522 1595 612 1657 tertio
635 1614 718 1657 seru.
764 1593 859 1678 illud,
879 1593 882 1677 1
903 1594 1005 1675 aptius
1029 1593 1066 1656 de
1089 1594 1155 1657 uiro
1178 1596 1208 1656 et
1226 1594 1349 1658 femina

205 1698 278 1761 uiris
303 1701 333 1760 et
362 1698 487 1761 feminis
519 1699 666 1761 iunctum.
736 1701 789 1762 aut
819 1698 971 1780 numquid
1000 1699 1067 1781 ipso
1097 1717 1152 1762 uos
1184 1695 1347 1783 ,colplegio

205 1803 411 1866 offendimus?
479 1805 557 1866 solet
594 1805 764 1885 aequalitas
803 1805 1022 1868 aemulationis
1057 1805 1222 1868 materiam
1258 1826 1346 1869 sum-

205 1904 414 1991 minisptrare.
483 1908 527 1970 sic
549 1907 663 1991 figulus
686 1908 792 1991 figulo,
820 1908 907 1972 faber
935 1909 1023 1973 fabro
1047 1909 1175 1973 inuidet.
1245 1911 1345 1975 immo

154 2038 178 2076 15
205 2012 268 2074 iam
292 2012 396 2075 desine
413 2009 584 2096 sim,u,llata
600 2014 766 2077 confessio!
812 2013 903 2077 rediit
918 2015 1105 2077 conscientia
1120 2015 1159 2078 ad
1175 2015 1347 2079 ueritatem

206 2120 236 2180 et
259 2117 297 2180 ad
320 2118 527 2181 constantiam
550 2119 716 2202 ueritatis,
752 2116 757 2201 l
791 2137 865 2181 nam
889 2119 993 2182 omnia
1016 2119 1077 2182 ista
1099 2119 1131 2181 111
1154 2120 1245 2183 nohis
1269 2121 1345 2185 solis

205 2224 295 2285 erunt
319 2224 349 2284 et
373 2240 390 2284 a
414 2222 503 2285 nobis
527 2223 599 2286 solis
622 2224 825 2286 reuincuntur
848 2223 961 2304 quihus
983 2220 1109 2308 ,inpleta
1137 2227 1221 2303 sunt,
1254 2225 1346 2307 agui-

204 2326 289 2408 tione
312 2326 429 2389 scilicet
452 2326 592 2389 diuersae
615 2327 722 2408 partis,
746 2328 827 2391 unde
852 2328 980 2391 scientia
1002 2328 1170 2412 instructa,
1189 2331 1193 2406 1
1215 2332 1247 2392 et
1270 2347 1346 2394 con-

204 2431 310 2493 silium
322 2430 492 2512 inspiratur
505 2434 536 2493 et
548 2431 695 2494 iudicium
712 2431 873 2514 gubernat.
906 2435 1011 2495 uestra
1027 2431 1158 2512 denique
1176 2434 1346 2517 sententia

150 2563 175 2601 20
204 2538 268 2620 est„
304 2535 308 2618 1
343 2555 381 2598 ne
412 2554 539 2599 causam
570 2535 638 2616 quis
670 2536 785 2599 iudicet
816 2537 876 2599 nisi
903 2536 1022 2600 duobus
1047 2536 1170 2617 auditis,
1205 2539 1288 2618 quod
1313 2539 1344 2601 in

202 2639 291 2704 nobis
315 2639 388 2702 solis
412 2640 604 2724 neglegitis,
633 2638 636 2721 Ι
665 2643 795 2703 naturae
818 2641 893 2704 uitio
921 2641 1111 2720 satisfacitis,
1142 2644 1177 2704 ut
1205 2643 1344 2723 quaein

202 2743 291 2807 uobis
315 2762 376 2807 non
399 2744 553 2825 refutetis,
576 2745 608 2808 in
632 2745 701 2808 aliis
724 2742 915 2830 ,damnastis
940 2748 994 2809 aut
1017 2763 1148 2827 quorum
1170 2750 1295 2810 reatum
1311 2748 1344 2810 in

202 2848 291 2913 uobis
315 2848 530 2929 memineritis,
555 2867 592 2912 eo
613 2850 646 2912 in
670 2850 745 2912 alios
769 2850 907 2934 iactetis.
959 2851 1091 2935 diuerso,
1110 2847 1114 2932 Ι
1135 2869 1226 2933 opere
1251 2870 1344 2915 occu-

201 2953 267 3035 pati
297 2952 396 3016 eritis:
428 2953 460 3015 in
491 2958 652 3017 extraneos
676 2955 763 3034 casti,
793 2955 825 3017 in
848 2955 1055 3037 nosmetipsos
1082 2955 1221 3040 incesti„
1255 2974 1343 3019 exer-

150 3085 176 3124 11
202 3059 295 3121 tiores
325 3056 411 3137 foris,
443 3057 574 3122 subiecti
603 3059 695 3122 domi.
761 3058 838 3122 haec
862 3062 909 3123 est
931 3060 1089 3141 iniquitas,
1121 3044 1165 3122 ut
1186 3061 1276 3143 gnari
1301 3061 1341 3125 ab

201 3161 345 3246 ignaris„
367 3165 370 3239 1
391 3161 526 3225 absoluti
548 3180 566 3225 a
588 3162 648 3226 reis
671 3162 850 3227 iudicemur.
897 3164 1016 3227 auferte
1033 3163 1181 3245 stipulam
1197 3164 1235 3227 de
1251 3167 1342 3230 oculo

246 3282 436 3350 lphylosophi
454 3283 481 3337 A
534 3283 738 3350 reciprocatione
754 3284 838 3340 Goth:
855 3283 937 3353 recipi
954 3283 1141 3352 prouocatione
1158 3285 1185 3338 A
1239 3287 1342 3353 3quo-

202 3386 263 3422 nam
279 3371 364 3426 Goth:
382 3370 506 3436 quonium
519 3371 547 3423 A
601 3372 633 3424 12
652 3370 761 3438 collegio
776 3372 848 3427 Goth
902 3374 933 3426 14
951 3371 1102 3424 ministrare
1117 3371 1189 3427 Gora
1242 3375 1273 3427 15
1296 3372 1342 3426 de-

202 3457 257 3510 sine
286 3457 425 3512 oehlerus:
449 3457 480 3510 de
503 3456 556 3510 fine
574 3460 600 3512 A
671 3457 752 3511 rediit
773 3458 912 3513 oehlerus:
935 3458 1034 3526 redigit
1050 3459 1078 3513 A
1149 3458 1342 3513 conscientiam

204 3545 275 3599 Goth
333 3543 366 3596 ad
385 3545 447 3599 odd.
464 3546 535 3599 Goth
593 3548 625 3600 16
644 3545 764 3598 ueritatis
782 3545 852 3615 Rip:
870 3546 968 3599 ueritas
989 3547 1060 3600 Goth
1119 3547 1150 3599 17
1169 3545 1253 3599 inlata
1269 3547 1343 3616 Rip:

177 3631 290 3712 ,delata
311 3632 381 3687 Goth
437 3632 572 3700 agnitione
590 3633 659 3702 Rip:
677 3632 814 3699 agnitioni
830 3634 856 3686 A
917 3635 949 3687 18
967 3633 1098 3685 instructa
1118 3632 1190 3687 Goth
1248 3634 1341 3688 19111-

201 3718 318 3787 spiratur
329 3720 440 3788 scripsi:
452 3719 566 3786 inspiret
578 3721 604 3773 A
649 3718 812 3787 gubernatur
824 3721 851 3773 A
898 3720 1030 3772 sententia
1042 3722 1082 3772 est
1096 3720 1180 3775 Goth:
1193 3723 1251 3773 sent
1263 3763 1340 3775 .....

201 3806 237 3874 A,
256 3808 315 3858 sent
330 3848 463 3859 .......
484 3805 577 3873 (1101111,
596 3823 643 3858 sen
656 3848 822 3859 .........
836 3805 1171 3874 Bar*‚sent....11oc*
1242 3809 1273 3861 21
1294 3825 1341 3861 ne-

200 3892 307 3960 glegitis
323 3893 394 3947 Goth
428 3891 551 3947 22110113
568 3893 707 3948 oehlerus:
724 3893 799 3946 nobis
812 3895 839 3947 A
876 3893 1008 3946 damnetis
1025 3893 1163 3948 Oehlerus:
1182 3936 1287 3947 ......
1303 3895 1340 3948 tis

200 3979 236 4046 A,
257 3979 370 4032 ...tis
390 3978 476 4033 Goth*
529 3982 631 4032 reatum
653 3980 737 4034 Goth:
755 3979 869 4033 relatum
883 3982 909 4033 A
962 3981 996 4034 23
1015 3979 1118 4032 laetetis
1132 3978 1237 4032 diuerso
1252 3980 1341 4036 Gora.-

201 4066 281 4119 iactet
296 4108 453 4119 ........
467 4067 502 4133 A,
519 4065 622 4119 iactetis
638 4109 752 4120 ......
769 4067 862 4135 eorm,
876 4067 978 4120 iactetis
994 4109 998 4119 .
1016 4110 1020 4119 .
1038 4109 1042 4119 .
1059 4110 1063 4120 .
1079 4065 1164 4121 Huc*
1216 4069 1341 4135 occupati

205 4152 342 4208 Oehleros:
360 4153 579 4221 occupatioresA
627 4156 660 4208 24
679 4154 772 4207 incesti
787 4154 930 4209 Goliam.
946 4197 950 4207 .
967 4196 971 4207 .
986 4198 991 4207 .
1007 4156 1081 4222 ..A,
1099 4154 1340 4225 in.....Goth*,

223 4281 327 4292 ......
340 4240 419 4308 Bar,
436 4239 522 4294 Hild*
574 4242 607 4294 26
625 4240 724 4308 ignaris
746 4241 817 4296 Goth
869 4241 1017 4294 iudicemur
1037 4241 1121 4297 Goth:
1139 4240 1290 4294 iudicamur
1311 4245 1341 4298 A

200 4325 325 4393 stipulam
345 4325 377 4379 de
395 4326 470 4380 oculo
489 4330 577 4380 uestro
597 4331 643 4380 aut
662 4328 710 4382 del.
724 4329 946 4397 Haoercumpr'us
