2820 4914
230 369 293 433 210
460 370 574 434 Quinti
594 371 729 438 Septimi
750 369 919 423 Florentia
936 369 1138 423 Tertulliani

228 548 381 625 procurat.
421 545 485 625 ipse
515 545 677 627 profitetur
708 564 765 609 sua
795 564 855 609 non
884 565 952 609 osse
976 546 1131 625 caelestia,
1165 546 1223 609 sed
1248 545 1369 627 Christi,

228 648 369 712 dicendo:
405 650 465 731 qui
495 649 536 713 de
568 656 668 713 terra
702 654 772 729 est,
807 652 848 713 dc
882 654 982 714 terre
1015 650 1197 733 loquitur;
1235 652 1298 733 qui
1331 651 1369 714 de

228 754 398 835 superuis
422 755 538 833 uenit,
562 774 672 835 super
695 774 822 819 ornnes
846 758 916 819 est:
940 756 1105 833 itern,.,sola
1125 774 1161 819 se
1176 756 1369 837 paenitentia

227 858 379 941 tinguere,
410 863 576 922 uenturum
602 879 672 923 rnou
696 860 747 941 qui
771 861 927 943 tingueret
949 860 981 924 in
1005 840 1112 942 spiritu
1137 863 1169 923 ct
1195 860 1274 944 igni.
1312 861 1369 924 soi-

186 990 198 1027 r
225 963 297 1027 lieet
320 964 490 1045 quieuere
513 968 544 1027 et
567 965 688 1028 stabilis
718 965 794 1028 tides
818 984 899 1047 aqua
922 966 1071 1047 tinguitur
1093 965 1125 1028 in
1149 965 1300 1046 salutem,
1330 965 1368 1027 si·

226 1068 346 1130 nrulata
369 1072 473 1131 auten]
498 1072 529 1131 et
553 1068 677 1132 infinua
700 1069 762 1151 igni
785 1070 938 1152 tinguitur
961 1070 992 1133 in
1015 1069 1172 1133 iudicium.

197 1176 201 1181 '
269 1171 318 1234 11.
344 1170 404 1236 Sed
427 1191 509 1251 ecce,
533 1172 685 1254 inquiunt,
709 1174 795 1236 uouit
810 1174 953 1237 dontinus
970 1177 1002 1237 et
1017 1192 1078 1237 non
1094 1173 1196 1237 tinxit.
1234 1174 1367 1257 legimns

225 1278 321 1340 enirn:
346 1281 382 1340 et
404 1281 528 1341 tauron
552 1278 582 1340 is
604 1296 673 1341 non
694 1278 906 1360 tinguebat,
930 1297 1057 1341 uerum
1078 1278 1260 1360 discipuli
1279 1279 1366 1342 eius.

225 1382 312 1463 quasi
334 1400 443 1445 reuera
466 1382 567 1464 ipsurn
592 1383 655 1444 suis
685 1382 831 1446 inanibus
860 1383 1031 1446 tincturum
1058 1382 1217 1446 Iohannes
1247 1382 1367 1464 praedi-

173 1514 197 1553 ιο
224 1490 333 1550 casset.
373 1505 433 1550 non
451 1487 556 1568 utiquo
574 1487 617 1550 sic
633 1487 879 1569 intellegendum
896 1489 952 1567 cst,
976 1487 1031 1549 sed
1047 1486 1233 1568 simpliciter
1249 1487 1365 1552 dictum

224 1609 309 1654 inore
339 1591 512 1670 coniurant,
544 1591 623 1654 sicut
654 1596 702 1653 est
733 1591 821 1654 uerbi
851 1592 967 1674 gratia:
1001 1591 1170 1672 imperator
1204 1592 1365 1675 proposuit

223 1695 356 1759 edictum
380 1700 434 1759 aut
456 1697 631 1777 praot'ectus
656 1695 789 1758 fustibus
814 1696 935 1759 cecidit:
960 1695 1111 1777 numquid
1133 1696 1202 1777 ipse
1221 1696 1365 1778 proponit

223 1804 277 1863 aiut
300 1802 450 1882 numquid
473 1801 539 1883 ipse
562 1800 685 1863 caedit?
720 1820 844 1882 semper
874 1801 899 1862 is
923 1800 1034 1863 dicitur
1057 1800 1170 1880 facere,
1202 1801 1254 1863 oui
1275 1818 1363 1883 prae·

223 1906 426 1969 ministratur.
464 1906 507 1969 ita
523 1905 595 1968 “erit
626 1905 854 1986 accipiendum,
889 1904 955 1987 ipse
985 1923 1041 1968 uos
1072 1900 1220 1987 tinguetj‘
1242 1923 1298 1995 pro
1328 1922 1386 1968 eo‘

182 2034 195 2073 r
222 2010 304 2089 quod
328 1994 463 2092 uesper
487 2010 590 2091 ipsurn
613 2009 797 2092 tinguemini
822 2000 927 2072 uel'iu
950 2009 1062 2092 ipsum,
1102 2009 1157 2071 sed
1177 2026 1219 2093 pp
1240 2012 1360 2099 moueat

221 2114 374 2194 quosdam
405 2114 486 2195 quod
518 2131 578 2176 nou
603 2114 667 2194 ipso
691 2112 862 2195 tinguebat.
902 2113 933 2175 in
957 2131 1051 2195 quem
1074 2112 1158 2176 enirn
1182 2112 1358 2197 tingueret?

220 2218 252 2281 in
279 2218 522 2299 paenitentiam?
556 2236 617 2299 quo
645 2236 717 2300 orgo
745 2216 788 2280 illi
815 2219 1071 2298 praecursorem?
1105 2216 1138 2279 in
1159 2220 1357 2297 peccatorum

220 2323 446 2402 remissionem,
470 2340 565 2404 quam
588 2321 682 2385 uerlro
706 2321 820 2385 dabat?
844 2321 875 2384 in
899 2321 1115 2403 semetipsum,
1140 2339 1237 2402 quern
1259 2320 1357 2384 humi·

219 2427 304 2490 litate
328 2426 470 2490 celabat?
504 2427 534 2489 in
563 2426 707 2507 spiritum
737 2429 891 2505 sanctum,
920 2426 972 2507 qui
999 2425 1138 2489 nondum
1168 2425 1210 2489 ad
1238 2428 1357 2506 patrem

166 2558 193 2597 so
219 2533 422 2595 ascenderat?
456 2531 487 2593 in
515 2531 687 2610 ecclesiam,
718 2549 812 2611 quam
836 2531 975 2594 nondum
998 2528 1130 2612 apostoli
1160 2531 1357 2594 struxerant?

218 2635 322 2717 itaque
346 2635 530 2718 tinguebant
552 2635 696 2717 discipuli
720 2635 785 2697 cius
809 2638 844 2697 ut
867 2633 1013 2713 ministri,
1037 2637 1072 2698 ut
1093 2633 1252 2698 Iohannes
1273 2636 1356 2698 ante

216 2758 409 2821 praecursor,
442 2739 551 2803 eodeni
573 2739 728 2819 baptismo
752 2739 925 2818 Iohannis„
941 2757 980 2833 pe
1004 2738 1056 2825 qui
1080 2738 1141 2801 alio
1163 2740 1265 2825 putpt,
1288 2738 1357 2819 quia

218 2862 274 2907 nec
297 2847 398 2907 exstat
420 2843 579 2919 aliusnisi
604 2846 712 2925 postea
729 2843 852 2922 Christi,
876 2843 928 2923 qui
945 2845 1019 2906 tunc
1042 2841 1149 2923 utique
1172 2860 1192 2907 a
1215 2841 1355 2905 discenti·

216 2946 275 3011 bus
300 2948 366 3011 dari
389 2965 450 3011 non
473 2950 605 3030 poterat,
629 2950 736 3029 utpote
760 2948 898 3010 nondum
922 2946 1092 3028 adimpleta
1113 2946 1215 3029 gloria
1228 2945 1355 3025 domini,

163 3076 189 3115 n
216 3070 274 3115 uec
297 3053 448 3115 instructa
471 3051 608 3115 efficacia
630 3051 747 3114 lauacri
770 3070 824 3132 por
842 3051 1020 3133 passionem
1036 3052 1068 3113 et
1086 3050 1359 3129 resurrectionem,

216 3156 289 3236 quia
312 3174 369 3219 nec
393 3174 476 3219 mors
500 3160 606 3219 nostra
630 3155 755 3218 ‹lissolui
778 3158 886 3237 posset
910 3154 968 3217 nisi
991 3153 1108 3218 domini
1130 3154 1280 3236 passione
1302 3172 1356 3219 nec

216 3261 281 3325 nita
302 3262 422 3343 restitui
447 3262 514 3326 sine
538 3261 762 3325 resurrectione
784 3260 893 3342 ipsius.

261 3364 309 3429 12.
334 3365 413 3429 Cum
436 3384 510 3429 uero
533 3365 753 3447 praescribitur
776 3364 893 3428 nemini
916 3364 982 3428 sine
1004 3362 1164 3447 baptismo
1178 3368 1357 3447 competere

214 3470 359 3550 salutem,
392 3490 427 3534 ex
450 3471 504 3534 illa
527 3470 660 3533 maxime
683 3469 933 3551 pronuntiatione
963 3468 1079 3532 domini
1108 3467 1163 3549 qui
1192 3468 1252 3533 ait:
1287 3468 1356 3533 nisi

160 3600 188 3653 eo
214 3577 324 3638 uatus
349 3595 389 3638 ex
412 3593 504 3656 aqua
527 3574 607 3655 quis
632 3573 715 3653 erit,
747 3591 817 3636 non
847 3572 960 3637 habet
990 3573 1120 3651 uitam,
1151 3571 1356 3638 suboriuntur

213 3679 396 3761 scrupulosi,
421 3679 515 3743 inuno
536 3678 691 3742 temerarii
708 3679 896 3741 retractatus
912 3676 1117 3758 quorundam,
1139 3677 1300 3759 quomodo
1321 3696 1357 3741 ex

316 3834 343 3902 a]
363 3833 426 3886 aue.
446 3836 471 3901 a,
486 3835 525 3887 re.
562 3832 659 3886 March.
679 3834 703 3895 a,
718 3834 758 3887 11.
812 3830 840 3900 a]
859 3830 917 3884 Ioh.
935 3832 960 3895 4,
972 3832 997 3885 a.
1050 3829 1096 3898 ae]
1115 3828 1258 3896 nonar.

154 4000 157 4005 ·
254 3972 317 4025 tin
336 3971 391 4025 sola
414 3973 464 4027 Urs
534 3970 671 4026 5stabilis
689 3970 755 4024 fides
774 3985 842 4038 aqua
859 3970 928 4040 Rip:
946 3968 1050 4023 stabilis
1067 3983 1152 4037 aquae
1169 3968 1240 4023 fides
1259 3986 1314 4039 qua
1330 3971 1358 4027 Β

211 4062 227 4111 u
246 4059 320 4127 quasi
339 4061 373 4127 B,
393 4058 454 4126 quia
479 4058 529 4112 (iel
600 4059 632 4112 13
652 4057 738 4110 caedit
758 4058 821 4111 Get:
839 4055 952 4110 caecidit
968 4055 996 4111 Β
1065 4055 1305 4124 praeministratur
1322 4058 1358 4125 Β,

210 4147 242 4199 fit
260 4149 331 4216 Bnrp
385 4149 417 4201 ro
437 4143 700 4214 spiritum'sanctum
720 4146 782 4199 cer:
800 4143 988 4212 spiritusenoto
1006 4143 1035 4198 B
1086 4142 1122 4195 ud
1138 4145 1247 4211 patrem
1266 4161 1359 4199 ascen-

211 4234 286 4287 iterat
310 4235 345 4301 Β,
373 4251 388 4285 a
410 4236 485 4302 petre
511 4232 682 4285 descenderat
705 4233 785 4301 Bncp,
810 4231 860 4285 Get
930 4233 963 4285 27
985 4229 1177 4283 resurrectione
1198 4232 1275 4287 Iun:
1300 4250 1359 4287 sur-

211 4321 327 4372 rectione
347 4322 374 4374 B
