2820 4914
461 391 497 444 II.
516 392 560 444 De
579 391 777 446 idololatria
797 394 909 448 12-14.
1210 391 1253 456 45

101 566 349 647 lemnia‚‘quasi
371 565 427 629 tibi
441 584 565 648 quoque
588 568 813 649 praescriptum
834 568 874 631 sit
893 568 931 630 de
947 568 1006 648 die,
1030 570 1195 650 quominus
1211 569 1252 647 11,

103 670 192 752 6661
214 670 333 734 homini
356 670 450 735 debes
478 672 530 734 661
551 671 607 735 tibi
636 670 674 735 ab
699 672 824 737 homine
848 671 988 752 debetur,
1017 673 1094 736 citra
1116 673 1175 737 diei
1198 673 1253 737 ob·

105 774 320 838 seruationem
347 775 415 839 luas
443 776 494 838 661
520 776 658 857 recipias
692 776 745 839 'da
772 776 922 856 formam,
949 777 981 840 in
1009 795 1069 858 qua
1096 778 1175 842 uelis
1203 778 1253 860 agi

103 882 223 942 tecum.
247 898 301 942 eur
316 879 399 942 euim
412 883 443 943 et
454 879 563 960 lateas,
580 899 652 943 cum
663 881 838 963 ignorantia
852 881 979 945 alterius
993 883 1081 968 tuam
1094 883 1269 946 conscias-¹

103 983 187 1046 tiam
209 985 424 1048 contamines?
459 985 485 1047 si
507 1002 569 1047 non
591 984 742 1068 ignoraris
760 985 840 1066 6661
864 985 905 1048 616
923 984 1127 1066 Christianus,
1152 990 1252 1067 temp'-
1287 1005 1304 1066 ,⁵

104 1088 590 1152 16616616661666666616611616
607 1089 733 1152 alterius
758 1090 823 1172 agis
839 1091 1001 1171 tamquam
1025 1108 1087 1156 uon
1104 1089 1252 1154 Christia-

60 1263 62 1268 ,
107 1211 184 1255 nus:
207 1192 255 1255 sin
277 1211 351 1256 uero
374 1192 684 1280 etydissimulaueris,
715 1196 885 1275 temptatus
910 1194 1051 1257 addictus
1080 1214 1122 1258 es.
1169 1198 1250 1258 certe

107 1297 176 1359 siue
203 1296 262 1360 hac
289 1297 354 1360 siue
380 1297 462 1377 illac,
489 1316 560 1360 reus
589 1317 622 1361 66
649 1285 838 1362 confusionis
866 1298 899 1360 in
926 1299 992 1362 166.
1040 1300 1101 1380 661
1128 1302 1251 1362 autem

107 1402 287 1465 confusus
311 1420 420 1483 super
442 1421 498 1465 me
521 1402 635 1466 fuerit
663 1421 777 1484 penes
801 1403 984 1483 homines,
1014 1406 1050 1467 61
1077 1421 1142 1487 ego
1171 1421 1251 1467 cou-

107 1505 244 1569 fundar
267 1524 376 1588 super
402 1506 482 1586 illo,
509 1507 617 1588 inquit,
640 1511 755 1588 penes
782 1510 925 1588 patrem
953 1526 1086 1588 meum,
1110 1508 1251 1589 661661
1278 1528 1303 1567 10

108 1610 294 1674 incaelis

155 1713 204 1778 14.
230 1713 291 1779 Sed
318 1716 401 1779 enim
427 1716 565 1797 plerique
593 1715 658 1779 ianr
685 1715 873 1779 induxerunt
900 1716 1003 1780 animo
1025 1717 1251 1800 ignoscendum

60 1828 88 1882 15
109 1838 189 1900 6666,
214 1819 389 1901 siquando,
413 1838 492 1901 6666
512 1820 516 1904 l
537 1820 660 1900 ethnici,
676 1820 803 1900 faciunt,
820 1840 859 1883 66
875 1839 990 1884 nomen
1005 1820 1249 1903 blasphemetur.

107 1942 200 2005 porro
227 1923 433 2006 blasphemia,
462 1942 540 2006 quae
564 1923 654 1988 nobis
679 1924 772 1992 omni¹
790 1925 881 1988 modo
905 1926 1070 1988 deuitanda
1094 1928 1150 2005 est,
1173 1925 1250 1988 haee

110 2029 220 2111 opinor
247 2031 303 2108 661,
332 2029 437 2111 siqui
464 2032 605 2093 nostrum
633 2030 671 2093 ad
697 2029 812 2092 iustam
835 2028 1063 2115 blasphemiam
1092 2029 1250 2093 ethnicum
1278 2051 1303 2092 15

110 2132 244 2196 deducat
271 2135 325 2196 aut
353 2133 462 2196 fraude
489 2136 543 2196 aut
569 2133 681 2197 iniuria
703 2137 758 2197 aut
784 2134 972 2197 contumelia
999 2134 1098 2197 aliaue
1122 2133 1252 2196 materia

110 2236 223 2320 dignae
246 2239 407 2318 querelae,
434 2238 467 2301 16
495 2256 558 2319 666
584 2256 699 2301 nomen
727 2239 838 2301 merito
865 2238 1050 2318 pereut'tur,
1079 2238 1251 2301 61666616

110 2342 264 2405 irascatur
287 2341 492 2405 6116661666.
532 2345 670 2405 ceterum
694 2342 720 2404 si
745 2342 781 2405 de
805 2342 890 2406 omni
912 2341 1108 2423 blasphemia
1132 2327 1251 2404 'dictum

111 2448 172 2525 est,
201 2449 327 2509 uestra
354 2463 466 2509 causa
488 2464 619 2509 nomen
647 2445 1085 2527 meumblasphematur,
1112 2448 1249 2527 perimus

109 2550 258 2630 uniuersi,
284 2568 369 2612 ,oum
403 2553 486 2614 16166
525 2551 624 2613 circus
656 2551 798 2615 scelestis
838 2551 993 2634 suffragiis
1024 2551 1109 2614 nullo
1140 2552 1249 2614 merito
1277 2575 1303 2613 66

108 2672 226 2718 nomen
255 2654 390 2718 lacessit.
444 2655 636 2734 desinamus,
672 2658 703 2719 et
736 2673 799 2719 666
828 2643 1107 2736 blasphemabitur.
1153 2655 1249 2718 immo

106 2759 356 2840 blasphemetur,
388 2759 463 2822 dum
493 2778 601 2823 sumus
631 2761 663 2822 in
693 2759 921 2845 obseruatione,
953 2775 1015 2822 non
1042 2759 1074 2821 in
1098 2759 1249 2822 exorbita-

106 2864 196 2927 tione
238 2863 435 2945 diseiplinae,
474 2864 549 2926 dum
587 2864 774 2945 probamur,
814 2881 875 2926 non
918 2863 993 2926 dum
1035 2861 1247 2944 reprobamur.

104 2985 125 3030 o
165 2966 397 3049 blasphemiam
434 2967 575 3049 martyrii
611 2967 764 3048 adfinem,
800 2985 879 3048 quae
917 2970 992 3031 tunc
1029 2985 1080 3029 me
1118 2970 1249 3030 testatur

104 3071 342 3151 Christianum,
374 3090 446 3135 cunr
478 3074 643 3153 propterea
676 3091 726 3134 me
761 3073 949 3135 detestatur!
995 3071 1171 3136 benedictio
1202 3077 1249 3136 661
1275 3095 1301 3133 25

216 3243 244 3312 8]
263 3243 359 3297 Marto.
380 3246 420 3307 10,
433 3246 474 3298 32.
493 3243 556 3296 Luc.
576 3246 599 3307 9,
613 3245 654 3298 26.
711 3244 754 3312 19]
773 3238 949 3307 11616224.
969 3244 1012 3297 Es.
1032 3246 1073 3307 52,
1087 3247 1110 3298 5.

155 3383 388 3451 lquoeminusA
436 3383 593 3451 3respicias
606 3384 633 3436 A
680 3383 708 3436 16
721 3383 936 3452 6666666116
949 3400 1027 3452 quam
1042 3385 1076 3451 B,
1096 3384 1200 3452 qualem
1213 3386 1248 3453 A,
1287 3369 1290 3373 .

104 3487 164 3539 qua
176 3471 232 3540 Rip
268 3473 283 3525 5
296 3487 357 3534 666,
370 3470 393 3522 61
402 3471 622 3538 Hauercompa'us
656 3471 740 3525 uerba
752 3469 775 3522 si
785 3485 838 3523 666
848 3470 978 3538 ignoraris
991 3470 1061 3538 quod
1074 3471 1110 3522 sis
1120 3470 1248 3525 Christia-

104 3574 161 3611 nus
176 3558 241 3612 Scal
254 3563 318 3626 post
335 3559 473 3624 tamquam
491 3572 544 3609 uon
557 3555 724 3611 Christianus
742 3558 854 3611 66116661
901 3560 919 3611 ’7
939 3557 981 3609 616
998 3572 1061 3609 uero
1079 3559 1107 3610 61
1125 3556 1249 3610 dissimu-

104 3644 209 3697 laueris
226 3644 296 3698 Lat:
321 3644 456 3697 enimuero
479 3646 506 3697 et
524 3642 733 3696 dissimulaheris
751 3645 807 3697 AB
873 3645 889 3698 8
913 3644 942 3696 in
964 3644 1089 3698 6161166
1151 3644 1202 3697 dno
1221 3646 1248 3697 A

107 3733 144 3786 12
163 3730 354 3803 ignoscendum
374 3731 437 3786 Get:
455 3730 649 3798 agnoscendam
662 3730 697 3798 A,
722 3730 755 3782 ad
779 3730 987 3798 cognoscendam
1004 3731 1039 3797 B,
1062 3730 1090 3782 id
1110 3730 1249 3798 ignoscen-

108 3817 177 3870 dum
199 3818 251 3872 Urs
313 3820 346 3873 13
370 3817 515 3885 siquando
534 3834 600 3886 quae
618 3818 686 3887 Rip:
705 3817 727 3869 si
746 3815 879 3884 6666166
897 3818 932 3883 A,
951 3817 973 3869 si
992 3817 1148 3885 quandoque
1167 3820 1194 3871 61
1212 3821 1247 3886 Β,

108 3903 268 3972 666616666
286 3904 328 3957 his
347 3920 412 3972 quae
433 3905 483 3959 eeu
554 3907 587 3959 14
605 3902 758 3957 omnimodo
776 3905 811 3971 A,
831 3904 939 3957 omnino
957 3906 984 3957 Β
1056 3907 1088 3958 15
1107 3905 1129 3957 61
1148 3905 1193 3972 661
1211 3907 1247 3973 A,

108 3990 132 4044 si
151 3991 211 4058 quis
229 3992 256 4045 B
304 3993 336 4046 17
356 3991 437 4059 digna
455 4007 521 4060 quae
541 3992 583 4044 oui
601 4007 655 4043 666
672 3991 797 4043 inmerito
815 3991 946 4045 irascatur
964 3993 991 4045 A
1039 3994 1072 4047 18
1089 3992 1128 4061 et]
1141 3994 1165 4045 ei
1178 3993 1247 4047 Leo-

60 4136 64 4147 ,
104 4078 208 4147 poldon
256 4079 288 4132 19
306 4078 390 4130 uestri
408 4079 517 4148 ABmp,
535 4094 583 4130 uae
602 4078 676 4130 cuius
695 4079 722 4131 B
765 4079 799 4132 20
818 4077 938 4130 caelestis
957 4079 1029 4147 Bmp
1073 4078 1247 4147 2211666166-

109 4166 206 4228 metur,
226 4163 290 4217 dum
310 4180 400 4217 sumus
418 4165 487 4235 Rip:
505 4164 569 4218 dum
588 4181 679 4217 sumus
696 4163 897 4232 blasphemetur
914 4165 969 4218 AB
1017 4167 1050 4220 23
1069 4164 1207 4234 discipline
1219 4167 1246 4219 A

110 4265 164 4303 non
186 4250 250 4304 dum
274 4250 446 4320 reprobamur
468 4270 518 4307 om.
536 4252 563 4305 A
633 4252 700 4306 246
724 4252 788 4306 Urs:
811 4250 844 4304 ob
863 4252 919 4305 AB
989 4253 1022 4306 25
1046 4252 1201 4305 cristianum
1219 4252 1246 4305 A

112 4341 249 4407 propterea
267 4355 309 4391 me
328 4340 396 4393 Iun:
413 4340 522 4408 propter
540 4355 598 4392 eam
617 4339 672 4392 AB
