2820 4914
427 401 463 456 11.
482 402 526 455 Dc
544 401 740 455 idololatria
759 404 867 459 16-18.
1170 400 1210 466 51

22 561 28 572 ⁸
78 594 139 639 suo
170 580 223 641 aut
252 578 289 640 de
320 577 443 659 publico
471 580 526 640 aut
553 576 679 640 edendis
706 577 833 660 praesit,
863 577 940 640 nihil
971 577 1120 641 sollemne
1142 593 1213 659 pro-

79 681 204 745 nuntiet
226 681 277 745 uel
299 681 408 762 edicat,
432 701 470 745 ne
492 681 575 745 iuret
594 681 731 763 quidem;
754 682 817 745 iam
840 699 914 744 uero
938 699 1015 763 quae
1039 684 1112 745 sunt
1126 684 1214 762 pote-

79 785 184 866 statis,
211 805 310 868 neque
336 786 451 850 iudicet
477 786 515 850 de
543 787 643 869 capite
671 787 799 850 alicuius
826 787 877 849 uel
907 786 1023 868 pudore
1056 823 1098 831 -
1131 786 1213 849 feras

80 891 166 953 enim
182 890 219 953 de
233 890 365 972 pecunia
380 927 422 936 —
438 909 537 972 neque
553 891 681 954 damnet
696 909 796 972 neque
819 891 1033 973 praedamnet,
1057 890 1214 953 neminern

79 995 207 1075 uinciat,
230 995 388 1059 neminem
411 995 549 1059 recludat
574 998 627 1059 aut
654 998 807 1077 torqueat,
838 995 864 1059 si
890 996 966 1059 haec
993 993 1137 1058 credibile
1165 996 1217 1057 est
1254 1018 1267 1058 a

81 1097 149 1162 fieri
171 1117 270 1180 posse.
1071 1110 1072 1113 ’

128 1199 176 1277 18.
190 1202 259 1266 Iam
271 1223 344 1268 uero
357 1204 394 1268 de
407 1204 471 1268 solo
481 1207 631 1288 suggestu
639 1207 671 1267 et
679 1206 830 1287 apparatu
839 1203 962 1268 honoris
971 1202 1213 1266 retractandum.

81 1307 225 1389 proprius
248 1307 373 1372 habitus
397 1308 641 1390 uniuscuiusque
664 1311 712 1372 est
733 1311 799 1372 tam
822 1308 862 1371 ad
884 1327 977 1371 usum
1000 1307 1215 1388 quotidianum

82 1429 178 1492 quam
201 1412 240 1475 ad
263 1412 412 1476 honorem
435 1415 466 1476 ot
488 1413 681 1496 dignitatem.
726 1412 821 1495 igitur
836 1430 973 1495 purpura
988 1411 1043 1475 illa
1059 1413 1090 1474 et
1106 1429 1216 1474 aurum

82 1516 213 1579 ceruicis
244 1520 463 1580 ornamentum
496 1517 605 1580 eodem
635 1534 719 1580 more
750 1516 831 1598 apud
853 1515 1026 1599 Aegyptios
1058 1518 1089 1579 et
1114 1513 1214 1597 Baby·
1243 1544 1267 1582 ιο

81 1620 182 1683 lonios
205 1621 340 1703 insignia
363 1623 450 1684 erant
472 1621 643 1704 dignitatis,
668 1639 727 1702 quo
750 1639 836 1684 more
859 1638 942 1684 nunc
964 1622 1143 1702 praetextae
1166 1618 1217 1682 uel

82 1725 209 1788 trabeae
239 1725 291 1788 uel
319 1726 475 1807 palmatae
506 1729 537 1788 et
566 1742 696 1788 coronae
727 1743 838 1788 aureae
869 1725 1064 1788 sacerdotum
1092 1724 1217 1807 prouin-

10 1837 64 1890 118
83 1829 220 1908 cialium,
252 1829 307 1892 sed
336 1847 397 1892 non
428 1829 537 1892 eadem
569 1829 756 1892 condicione.
809 1831 934 1892 tantum
964 1828 1049 1891 enim
1068 1825 1073 1911 Ι
1092 1828 1216 1891 honoris

82 1933 210 1996 nomine
233 1933 470 1997 conferebantur
485 1933 534 2013 iis,
558 1933 609 2014 qui
624 1932 869 1996 familiaritatem
884 1951 994 2016 regum
1006 1931 1216 1996 merebantur.

82 2037 165 2100 unde
194 2040 225 2100 et
250 2039 411 2120 purpurati
437 2056 548 2121 regum
578 2036 770 2112 uocabantur
800 2055 818 2099 a
847 2055 994 2118 purpura,
1025 2037 1107 2101 sicut
1137 2035 1217 2118 apud
1246 2064 1270 2103 15

84 2159 140 2204 nos
165 2159 183 2204 a
205 2144 279 2224 toga
301 2141 431 2204 candida
454 2141 619 2221 candidati,
643 2141 782 2205 sednon
805 2144 840 2203 ut
863 2145 1027 2224 suggestus
1048 2141 1100 2204 ille
1117 2158 1219 2204 sacer·

84 2245 176 2309 dotiis
209 2264 329 2327 quoque
360 2249 413 2308 aut
446 2246 600 2327 aliquibus
633 2245 788 2308 idolorum
822 2244 930 2308 officiis
965 2245 1217 2328 adstringeretur.

84 2367 158 2413 nam
186 2343 214 2413 si
239 2351 284 2413 ita
311 2353 402 2430 esset,
430 2351 536 2431 utique
563 2352 668 2413 tantae
693 2349 868 2413 sanctitatis
892 2352 923 2413 et
945 2349 1138 2413 constantiae
1161 2348 1220 2412 uiri

84 2454 193 2517 statim
223 2454 347 2517 habitus
378 2454 555 2536 inquinatos
586 2456 795 2532 recusassent,
826 2454 993 2535 statimque
1025 2453 1221 2537 apparuisset

83 2558 250 2622 Danielem
273 2559 361 2622 idolis
385 2576 447 2622 non
468 2557 641 2621 deseruisse
657 2576 714 2621 nec
729 2557 839 2621 Belem
855 2576 912 2621 nec
928 2558 1093 2621 draconem
1109 2559 1218 2636 colere,
1246 2585 1271 2624 ao

84 2662 166 2742 quod
190 2663 287 2726 multo
309 2665 418 2744 postea
441 2662 592 2745 apparuit.
655 2662 786 2744 simplex
809 2661 905 2745 igitur
926 2680 1064 2744 purpura
1085 2661 1140 2724 illa
1162 2678 1220 2724 neo
1370 2653 1372 2656 ’

82 2767 149 2829 iam
178 2766 337 2849 dignitatis
369 2769 445 2847 erat,
477 2766 531 2830 sed
561 2767 766 2850 ingenuitatis
799 2766 881 2847 apud
907 2765 1055 2829 barbaros
1086 2764 1219 2847 insigne.

83 2871 349 2951 quemadmodum
373 2872 456 2935 enim
480 2873 511 2934 et
533 2870 655 2953 Ioseph,
684 2871 736 2952 qui
767 2888 876 2933 seruus
899 2870 1010 2949 fuerat,
1039 2872 1070 2933 et
1096 2869 1219 2949 Daniel,

84 2976 140 3057 qui
168 2996 223 3059 per
249 2976 462 3059 captiuitatem
494 2979 611 3040 statum
641 2977 793 3055 uerterat,
824 2974 983 3038 ciuitatem
1012 2973 1220 3056 Babyloniam

83 3084 119 3144 et
140 3078 330 3164 Aegyptiam
353 3083 426 3145 sunt
449 3081 608 3144 consecuti
630 3100 685 3163 per
708 3079 852 3143 habitum
874 3078 1055 3142 barbaricae
1077 3078 1220 3161 ingenui·
1247 3107 1272 3146 25

82 3185 170 3264 tatis,
193 3185 238 3248 sic
260 3203 354 3267 penes
377 3203 434 3249 nos
457 3203 580 3267 quoque
603 3183 720 3265 fideles,
745 3185 771 3248 si
787 3202 914 3248 necesse
930 3183 1033 3263 fuerit,
1056 3183 1170 3265 poterit
1190 3185 1221 3246 et

81 3289 189 3372 pueris
219 3292 380 3372 praetexta
406 3290 532 3354 concedi
556 3292 587 3353 et
613 3290 725 3373 puellis
754 3290 843 3369 stola,
875 3288 1045 3353 natiuitatis
1075 3288 1219 3372 insignia,

83 3411 148 3457 non
163 3394 336 3476 potestatis,
359 3395 492 3478 generis,
516 3412 578 3458 non
593 3394 728 3474 honoris,
752 3393 879 3474 ordinis,
903 3411 966 3457 non
982 3393 1218 3475 superstitionis.

83 3502 225 3562 ceterum
247 3516 385 3582 purpura
407 3500 458 3562 uel
480 3501 584 3562 cetera
605 3497 742 3582 insignia
764 3497 953 3580 dignitatum
977 3499 1008 3560 et
1029 3499 1220 3580 potestatum

83 3603 220 3666 insertae
250 3603 393 3686 dignitati
423 3605 454 3667 et
481 3602 690 3685 potestatibus
717 3601 908 3665 idololatriae
936 3600 974 3664 ab
1003 3600 1091 3665 initio
1119 3601 1221 3664 dicata
1247 3625 1271 3665 ao

83 3706 205 3772 habent
225 3707 450 3791 profanationis
474 3726 548 3771 suae
571 3708 737 3787 maculam,
761 3725 833 3770 cum
855 3709 1017 3789 praeterea
1032 3706 1108 3788 ipsis
1125 3705 1220 3769 etiam

129 3917 145 3971 3
164 3931 248 3983 neque
265 3913 364 3968 indicia
382 3913 407 3968 d.
420 3930 442 3968 o.
456 3931 477 3969 1.
492 3931 515 3969 u.
528 3930 554 3983 p.
573 3913 650 3977 ferat,
669 3913 750 3967 etiam
763 3913 794 3966 de
807 3913 919 3982 pecunia
931 3914 986 3967 11111
1040 3914 1055 3967 7
1068 3913 1181 3980 appratu
1192 3912 1221 3965 A

85 4003 280 4060 9111111111
297 4021 349 4073 my.
362 4004 389 4057 A
461 4005 493 4058 13
518 4000 669 4055 conditione
690 4003 718 4056 A
788 4003 821 4057 14
844 3999 1047 4054 conferebantur
1068 4000 1137 4069 Ray:
1159 4013 1221 4052 oon-

84 4089 221 4145 ferebatur
239 4092 294 4147 AB
357 4089 380 4143 is
397 4091 433 4158 A,
451 4089 493 4143 his
511 4091 538 4144 B
602 4087 817 4142 memorabantur
835 4089 862 4142 A
933 4090 966 4143 16
989 4086 1102 4141 eandida
1123 4103 1173 4141 om.
1192 4085 1220 4138 A

85 4181 118 4234 21
136 4181 212 4248 poste
230 4180 257 4233 A
318 4180 352 4234 22
371 4176 497 4246 dignitati
515 4178 542 4231 A
604 4178 661 4230 erat
679 4175 725 4229 sed
742 4175 916 4244 ingenuitatis
934 4193 984 4231 om.
998 4176 1025 4229 A
1078 4176 1220 4239 23111111-

86 4265 232 4320 admodum
250 4266 334 4321 Pam:
353 4263 547 4334 quodammodo
564 4264 620 4317 AB
682 4265 716 4318 24
734 4263 826 4316 statim
844 4264 871 4317 B
929 4264 963 4317 25
982 4260 1133 4330 aegyptiam
1151 4259 1221 4328 Rip:
1271 4264 1277 4277 ¹

87 4355 230 4424 aegyptum
248 4353 302 4408 AB
355 4355 389 4408 26
406 4351 480 4406 fideli
496 4353 525 4406 A
580 4353 614 4406 27
631 4349 740 4419 puerilis
757 4351 786 4404 A
842 4348 937 4419 puellis
957 4350 1020 4405 Get:
1036 4346 1147 4463 pperilis
1165 4346 1220 4401 AB

1029 4439 1046 4488 4
