2820 4914
182 371 249 425 VIII
666 369 841 422 Praefatio.

184 544 321 609 lolatre‘a
344 547 444 611 exitus
469 547 552 630 (inde
576 565 594 609 a
617 565 642 609 c.
662 543 712 625 18,
735 565 764 627 p.
782 543 835 625 53,
853 544 886 629 7)
911 549 942 609 et
966 544 1003 606 ele
1027 543 1137 606 aalma
1160 545 1321 608 exordium

182 649 294 734 (usqne
316 651 354 714 ad
374 670 399 714 c.
417 649 446 730 c,
463 631 493 733 p
510 648 584 731 307,
600 649 645 732 4),
670 651 768 713 altera
790 650 890 731 operis
915 648 952 711 de
976 648 1123 711 orcanae
1143 648 1213 712 finis
1235 647 1320 730 (inde

182 773 201 819 a
223 774 248 818 c.
266 753 318 836 21,
335 775 365 837 p.
384 752 455 834 192,
472 752 526 837 23)
551 758 582 818 cl
604 753 675 817 libri
692 752 730 814 cle
750 752 842 814 culta
857 751 1065 837 feminarum
1087 753 1197 835 prioris
1219 754 1322 835 capita

182 863 328 942 quattuor
351 860 451 941 prima
474 877 546 922 cnm
569 859 656 922 initio
680 859 779 939 quinti
802 857 914 940 (usqne
938 859 976 922 ad
999 878 1028 940 p.
1047 855 1155 938 707,6
1179 858 1226 921 ed.
1248 858 1321 920 mai.

138 959 141 969 “
181 963 320 1047 Oehler.)
350 951 498 1046 absorpta
528 966 610 1026 sunt.
658 963 711 1026 sed
742 982 781 1026 ne
813 963 857 1025 sic
887 961 1011 1044 quidem
1039 980 1118 1043 quae
1144 963 1266 1024 restant
1288 961 1322 1024 in

182 1068 286 1131 codice
308 1068 431 1151 integra
453 1067 542 1131 nobis
565 1067 682 1130 tradita
705 1085 773 1129 esse
797 1085 890 1148 quam
914 1067 1047 1129 maxime
1071 1066 1237 1130 dolendum
1258 1068 1320 1138 est3

181 1191 265 1253 nam,
288 1176 324 1236 ut
346 1175 528 1254 repetantur
551 1171 648 1235 uerba
670 1171 875 1234 Maximiliani
898 1171 1095 1234 Klussmann
1119 1169 1152 1252 (l.
1175 1188 1200 1233 c.
1224 1190 1254 1252 p.
1275 1168 1320 1252 6),

181 1285 340 1338 eatreraae
364 1274 529 1360 foliorum
560 1296 636 1337 orae
667 1275 819 1336 miseram
851 1273 954 1337 labem
984 1284 1169 1350 transerunt,
1200 1273 1268 1335 sita
1292 1282 1321 1334 et

181 1381 313 1442 hamore
337 1378 457 1442 deletae
480 1389 509 1441 et
532 1400 676 1456 arrosae,
699 1389 737 1440 at
758 1389 916 1441 eatremae
931 1389 991 1441 aut
1008 1400 1099 1441 acces
1115 1387 1175 1440 aut
1193 1377 1321 1440 litterae

182 1483 388 1546 coacuerint.
424 1483 463 1546 ld
485 1483 571 1568 qaod
593 1505 665 1545 cana
687 1482 767 1545 allis
792 1482 869 1546 locis
892 1505 956 1544 noa
975 1483 1095 1568 paucis
1112 1482 1245 1568 factam
1265 1492 1321 1558 est,

181 1597 249 1651 tam
276 1586 357 1650 libri
380 1586 427 1649 acl
448 1588 605 1665 nationes,
636 1587 672 1649 c'a
696 1588 746 1649 leis
764 1588 972 1674 potissimam
994 1586 1163 1664 secandas,
1193 1587 1322 1673 prauis-

180 1692 298 1754 simam
322 1691 547 1755 detrimentum
570 1702 733 1778 ceperant.
768 1714 904 1777 namque
925 1702 970 1755 eet
986 1691 1044 1756 ola·
1055 1702 1171 1778 partes
1186 1714 1323 1754 orarum

181 1806 241 1859 aar
272 1796 430 1860 deaulsae
460 1796 526 1858 sint
558 1806 617 1859 aut
646 1797 715 1859 elta
747 1795 868 1860 deletae
895 1796 1075 1860 conciderint
1104 1845 1110 1858 .
1141 1850 1146 1861 .
1177 1844 1184 1858 .
1213 1796 1322 1858 eadem

183 1899 270 1963 labec
300 1899 346 1963 ad
369 1899 497 1985 foliam
527 1922 627 1984 usquc
655 1899 732 1964 CXI
753 1901 886 1987 serpsit,
922 1911 959 1963 at
981 1900 1076 1986 folia
1103 1900 1183 1985 plus
1213 1900 1321 1962 mirans

181 2014 241 2067 aaut
265 2026 382 2068 arrosa
405 2015 464 2068 aut
488 2004 615 2067 detersa
638 2016 696 2067 acet
720 2004 824 2068 cleleta
844 2005 920 2068 alat.
958 2005 1085 2091 intepra
1106 2015 1212 2067 tamen
1234 2027 1320 2067 ocan-

180 2119 294 2172 seruat
317 2108 384 2194 fol.
410 2107 506 2172 CXII
527 2118 555 2172 ct
585 2131 666 2192 puae
697 2119 886 2193 separaretur.
933 2129 1027 2192 qnam
1058 2110 1097 2174 cl]
1128 2129 1256 2174 causam
1285 2113 1320 2173 nt

180 2215 295 2296 ubique
326 2215 568 2298 intellegeretur,
600 2215 672 2297 qnid
703 2216 735 2278 in
766 2215 845 2279 libro
876 2217 957 2279 clare
989 2208 1099 2296 dispici
1126 2216 1224 2297 possit
1247 2215 1319 2296 qnid

181 2320 352 2400 euanuerit,
383 2319 656 2383 Reifferscheidius
686 2320 734 2383 his
763 2320 884 2383 uncinis
907 2369 916 2405 ,
926 2369 935 2405 ,
957 2320 1032 2402 ipsis
1056 2323 1158 2383 textus
1182 2320 1264 2401 typis
1288 2320 1319 2381 in

81 2508 83 2512 ι
180 2425 258 2506 pede
282 2424 428 2506 adpositis
452 2443 527 2487 usus
552 2427 610 2504 est,
634 2423 746 2505 quibus
770 2424 897 2488 inclusit
919 2425 1041 2488 litteras
1065 2424 1097 2487 in
1120 2421 1150 2484 A
1173 2442 1234 2487 non
1258 2424 1320 2486 iam

181 2529 379 2611 conspicuas,
414 2532 576 2611 praeterea
610 2528 847 2612 diligentissime
882 2530 1049 2611 adnotans,
1084 2528 1182 2593 sicubi
1215 2530 1320 2611 plnres

181 2634 382 2714 paucioresue
413 2634 534 2698 litteras
566 2651 660 2714 quam
691 2652 769 2714 quae
800 2633 833 2696 in
861 2637 945 2697 textu
976 2635 1125 2717 leguntur
1154 2634 1185 2695 in
1216 2634 1320 2697 codice

182 2738 320 2802 extitisse
350 2741 403 2801 aut
432 2738 553 2801 litteras
578 2738 725 2802 euanidas
750 2738 788 2802 ab
813 2738 902 2801 editis
926 2738 1065 2801 diuersas
1089 2739 1185 2801 fuisse
1208 2737 1321 2819 proba-

180 2841 243 2906 bile
263 2842 436 2906 nidebatnx
476 2861 556 2923 quae
579 2843 657 2907 ratio
681 2862 752 2906 cum
777 2842 934 2906 sustineret
956 2843 989 2905 in
1013 2843 1140 2906 edendis
1163 2842 1251 2906 libris
1269 2843 1321 2923 qui

182 2949 257 3010 sunt
279 2945 453 3030 scorpiace,
479 2944 516 3008 cle
540 2945 720 3008 testimonio
745 2946 881 3022 aniciae,
906 2944 944 3009 dc
966 2944 1171 3032 spectaculis,
1196 2945 1234 3007 de
1254 2945 1321 3008 lelo-

183 3048 331 3127 lolatre‘a,
355 3051 438 3115 ultra
460 3052 721 3135 progrediendum
745 3056 811 3116 erat
834 3052 867 3115 in
889 3052 977 3115 libris
998 3050 1044 3113 ad
1065 3050 1222 3127 cationes,
1238 3057 1322 3132 ‘quo-

182 3174 253 3218 rum
273 3154 441 3238 singularis
463 3158 509 3218 est
531 3156 682 3220 condicio:
706 3157 738 3219 in
759 3156 802 3219 eis
818 3157 901 3219 enim
925 3174 988 3220 non
1009 3158 1120 3236 solnm,
1144 3156 1175 3218 id
1191 3157 1272 3237 qnod
1288 3157 1320 3219 iu

181 3260 309 3342 reliquis
334 3277 412 3340 quae
435 3259 567 3323 diximus
592 3260 714 3341 scriptis
730 3279 789 3324 usu
804 3261 902 3341 uenit,
925 3260 1039 3341 ubique
1057 3261 1090 3323 in
1106 3261 1236 3343 singulis
1252 3280 1322 3323 ner-

183 3363 268 3428 sibus
304 3364 448 3428 foliorum
482 3368 638 3428 rectorum
672 3365 818 3446 ultimae,
856 3383 1018 3428 uersorum
1051 3365 1171 3446 primae
1200 3365 1321 3427 litterae

183 3468 416 3548 interciderunt,
448 3469 502 3532 sed
532 3468 675 3551 inprimis
705 3470 738 3532 in
769 3470 903 3533 secundo
934 3469 1013 3533 libro
1041 3470 1148 3533 multis
1172 3470 1247 3533 locis
1271 3471 1322 3532 nel

184 3573 327 3636 dimidiae
350 3591 499 3636 uersuum
522 3576 627 3655 partes
651 3578 705 3638 ant
729 3592 763 3638 eo
787 3575 856 3656 plus
881 3573 1001 3637 deletae
1025 3578 1107 3638 sunt.
1155 3575 1235 3655 quod
1262 3592 1321 3655 qno

183 3677 304 3741 facilins
335 3681 467 3759 pateret,
497 3677 530 3741 in
560 3679 609 3742 his
640 3678 727 3742 libris
750 3678 1022 3742 Reifferscheidius
1051 3698 1112 3742 non
1135 3679 1321 3762 paginarum

184 3782 275 3845 modo
299 3780 353 3845 sed
376 3786 407 3846 et
430 3801 578 3846 uersuum
598 3784 731 3847 confinia
744 3783 841 3847 hastis
857 3784 950 3847 rectis
966 3784 1154 3865 interpositis
1170 3783 1321 3866 signauit;

184 3886 294 3950 deinde
318 3905 390 3949 cum
414 3888 576 3969 adpareret
598 3888 679 3951 hanc
702 3888 815 3951 miselli
838 3889 949 3952 codicis
972 3889 1077 3952 labem
1094 3908 1130 3951 ex
1145 3906 1206 3969 qno
1223 3889 1275 3951 ille
1291 3890 1322 3950 in

184 3991 347 4053 hominum
369 3991 529 4055 doctorum
546 3993 755 4074 cognitionem
770 3993 858 4056 uenit
873 3993 956 4056 haud
973 3990 1167 4057 mediocriter
1188 3993 1322 4055 creuisse

185 4113 221 4158 ac
236 4098 395 4176 praeterea
410 4096 443 4159 in
459 4099 524 4159 tam
544 4096 716 4159 multarum
738 4096 913 4159 litterarum
937 4097 1059 4160 defectu
1083 4098 1120 4159 de
1139 4097 1322 4159 lacunarum

186 4199 307 4263 ambitu
327 4199 537 4279 perincertum
554 4203 636 4263 esset
651 4199 809 4281 iudicium,
830 4201 862 4263 in
878 4201 987 4264 horum
1003 4200 1153 4263 librorum
1171 4205 1323 4283 apparatu

185 4306 308 4385 praeter
340 4321 429 4366 suam
461 4304 667 4367 conlationem
699 4322 735 4367 ea
765 4322 886 4385 quoque
918 4305 1088 4383 aduolauit,
1125 4323 1203 4385 quae
1234 4305 1323 4386 plura
