2820 4914
227 400 291 464 350
459 399 572 464 Quinti
591 398 729 466 Septimi
748 398 914 451 Plorantis
933 396 1133 451 Tertulliani

227 576 434 658 gentilitatem
456 575 687 639 feneraueruut.
723 578 806 637 certe
830 574 957 654 quidem
979 575 1044 658 ipse
1067 575 1152 639 orbis
1173 577 1206 640 in
1221 579 1360 658 promptu

228 684 276 743 est
305 681 416 743 cultior
447 681 484 743 de
516 679 563 742 die
592 682 623 742 et
645 679 824 743 instructior
847 680 986 761 pristino.
1033 681 1140 745 omnia
1163 682 1227 744 iam
1252 680 1359 763 peruia,

227 786 332 850 onmia
359 790 446 864 nota,
477 785 582 848 onmia
605 785 777 868 negotiosa,
809 785 990 847 solitudines
1015 785 1152 849 famosas
1176 788 1260 848 retro
1283 784 1359 848 fundi

227 890 439 953 amoenissimi
462 890 730 967 oblitterauerunt,
763 888 858 951 siluas
883 907 957 952 arua
980 889 1179 969 domuerunt,
1211 889 1293 953 feras
1315 908 1357 970 pe·

188 1021 200 1059 5
228 1014 299 1059 cora
329 995 532 1078 iugauerunt,
563 994 698 1057 harenae
727 996 885 1072 seruntur,
918 1012 990 1057 saxa
1013 995 1209 1076 panduntur,
1241 993 1355 1077 paludes

228 1100 413 1180 eliquantur,
437 1101 542 1162 tantae
559 1096 652 1160 urbes
669 1100 803 1178 quantae
820 1115 881 1160 non
906 1116 995 1160 casae
1020 1098 1187 1179 quondam.
1228 1099 1289 1161 iam
1310 1116 1354 1160 uec

226 1204 346 1267 insulae
370 1204 497 1267 horrent
520 1221 577 1266 nec
600 1202 719 1284 scopuli
742 1205 873 1274 terreum
898 1201 1011 1282 ubique
1035 1202 1159 1282 domus,
1182 1202 1299 1283 ubique
1311 1220 1355 1282 po·

227 1309 329 1390 polus
358 1308 472 1389 ubique
496 1306 681 1389 respublica,
713 1305 826 1386 ubique
850 1306 923 1369 uita.
969 1324 1130 1369 summum
1153 1306 1352 1370 testimonium

227 1413 419 1494 frequentiae
450 1412 615 1474 humanae.
663 1411 784 1473 onerosi
817 1429 926 1473 sumus
955 1412 1087 1491 mundo,
1118 1411 1170 1474 uix
1194 1410 1284 1474 nobis
1304 1410 1354 1472 ele-

177 1543 201 1580 10
228 1521 333 1580 menta
364 1516 538 1596 sufficiunt,
570 1519 601 1579 et
631 1515 833 1578 necessitates
864 1516 1006 1595 artioreS,
1039 1519 1069 1577 11
1099 1516 1256 1595 querellae
1286 1513 1354 1596 apud

228 1639 350 1701 cumea,
386 1621 461 1683 dum
494 1622 556 1684 iam
591 1639 646 1684 nos
678 1624 787 1683 natura
818 1637 878 1683 non
911 1619 1054 1682 sustinet.
1099 1638 1210 1683 reuera
1242 1621 1304 1682 lues
1332 1621 1354 1679 et

227 1727 327 1789 fames
352 1729 383 1788 et
406 1725 489 1789 bella
512 1729 544 1788 11
567 1725 730 1807 uoragines
755 1724 918 1787 ciuitatum
941 1742 997 1805 pro
1021 1724 1157 1788 remedio
1182 1723 1355 1805 deputanda,

227 1833 389 1910 tamquam
413 1832 541 1892 tonsura
565 1828 781 1892 insolescentis
802 1828 925 1910 generis
942 1828 1085 1902 humani3
1110 1831 1273 1907 ettamen,
1295 1846 1357 1890 cum

228 1934 379 1998 eiusmodi
418 1952 540 1997 secures
576 1933 744 1996 inanimam
781 1933 959 1996 mortalium
995 1932 1059 1995 uim
1095 1933 1194 1995 semel
1229 1932 1358 2009 caedant,

177 2063 201 2101 15
228 2057 400 2119 numquam
424 2038 652 2101 restitutionem
678 2038 743 2101 eius
766 2038 855 2101 uiuos
879 2056 915 2100 11
932 2037 1064 2100 mortuis
1081 2036 1283 2100 reducentem
1297 2038 1358 2116 post

228 2144 312 2206 mille
344 2161 440 2206 annos
473 2143 570 2205 semel
601 2141 684 2206 orbis
715 2142 849 2223 expauit.
897 2145 928 2205 et
957 2142 1014 2204 hoc
1045 2140 1129 2204 enim
1152 2140 1301 2204 sensibile
1322 2140 1336 2202 f
1349 2175 1360 2185 ·

228 2249 323 2312 cisset
346 2266 444 2328 aequa
468 2248 514 2309 uis
538 2247 715 2310 omissionis
740 2250 771 2310 et·
794 2246 1009 2325 restitutionis,
1041 2245 1067 2309 si
1090 2245 1155 2308 uiui
1180 2264 1217 2307 11
1240 2243 1360 2308 mortuis

228 2351 346 2416 fierent.
386 2370 440 2414 cur
464 2355 569 2414 autem
591 2351 677 2414 mille
702 2351 791 2415 annis
815 2354 886 2433 post
909 2354 939 2414 et
962 2368 1024 2413 non
1048 2351 1155 2413 statim
1180 2369 1216 2413 11
1240 2350 1361 2413 mortuis

228 2456 303 2535 uiui,
327 2475 409 2535 cum,
434 2457 459 2519 si
483 2474 544 2519 nou
568 2455 674 2518 statim
699 2458 886 2538 supparetur
910 2455 990 2536 quod
1014 2457 1186 2537 erogatum,
1215 2455 1248 2518 in
1271 2457 1361 2518 totum

176 2587 202 2625 20
229 2560 350 2623 absumi
374 2560 566 2642 periclitetur
588 2561 808 2641 praeueniente
832 2559 1062 2623 restitutionem
1085 2558 1271 2638 defectione,
1299 2558 1361 2640 quia

229 2684 286 2728 neo
312 2665 464 2747 pariasset
487 2668 679 2727 commeatus
703 2664 752 2726 hic
776 2665 858 2727 uitae
883 2664 1013 2727 miliario
1038 2664 1171 2744 tempori
1195 2664 1289 2746 longe
1311 2662 1361 2726 sci-

228 2769 303 2832 licet
322 2773 326 2849 1
347 2769 469 2832 breuior
493 2769 651 2832 etidcirco
675 2768 793 2831 facilior
810 2772 881 2831 ante
898 2768 1037 2851 extingui
1053 2786 1147 2848 quam
1163 2767 1402 2831 renascentiam

229 2874 324 2956 igitur
354 2893 433 2954 quae
464 2874 522 2937 hoc
553 2873 644 2936 modo
674 2872 881 2936 intercidisset
911 2892 987 2952 111,
1022 2872 1049 2936 si
1079 2872 1143 2936 uiui
1175 2891 1211 2935 11
1240 2872 1360 2936 mortuis

229 2977 353 3057 fierent,
386 2979 508 3059 quando
540 2996 600 3041 non
631 2977 801 3057 intercidit,
832 2995 893 3040 non
925 2977 983 3040 erit
1005 2976 1196 3040 credendum
1218 2977 1310 3041 uiuos
1332 2994 1360 3038 11

178 3108 203 3146 11
231 3082 360 3145 mortuis
384 3082 460 3146 fieri.

273 3184 323 3249 31.
348 3186 415 3249 Iam
439 3205 512 3250 uero
537 3188 561 3249 si
586 3205 622 3250 11
645 3187 775 3250 mortuis
798 3186 872 3266 uiui,
896 3186 1004 3267 utique
1028 3185 1143 3269 singuli
1167 3205 1203 3249 11
1229 3185 1359 3270 singulis.

230 3291 424 3373 singulorum
441 3309 513 3374 ergo
529 3309 692 3373 corporum
709 3291 828 3353 animas
844 3293 879 3353 ut
895 3291 1033 3374 singulas
1050 3290 1082 3353 in
1099 3290 1225 3372 singula
1242 3307 1363 3372 corpora

228 3396 343 3458 reuerti
359 3398 546 3477 oportuerat.
582 3413 671 3477 porro
695 3395 719 3457 si
744 3398 775 3458 et
796 3393 887 3457 binae
912 3397 942 3458 11
965 3395 1064 3458 trinae
1088 3397 1119 3458 et
1141 3395 1257 3474 quinae
1272 3411 1359 3474 usque

229 3518 290 3563 uno
319 3503 407 3562 utero
437 3503 648 3580 resumuntur,
676 3517 736 3562 non
768 3501 859 3562 erunt
889 3518 925 3561 11
948 3499 1077 3562 mortuis
1100 3498 1178 3578 uiui,
1210 3499 1360 3579 quianon

177 3631 203 3669 ³0
231 3605 344 3687 singuli
358 3624 393 3666 er
410 3604 549 3686 singulis.
574 3608 605 3666 et
619 3605 677 3667 hoc
694 3606 798 3667 autem
817 3603 906 3666 modo
922 3602 1083 3685 primordii
1099 3603 1200 3667 forma
1217 3603 1360 3688 signatm,

274 3834 287 3885 l
312 3829 515 3881 t'aenerauerunt
539 3829 565 3881 A
636 3830 651 3882 5
674 3826 828 3895 panduntur
852 3827 982 3882 Wissowo
1005 3828 1075 3893 (coll.
1094 3828 1158 3881 Liar.
1173 3827 1263 3897 XXI,
1275 3826 1364 3896 37‚3):

230 3919 384 3985 panguntur
405 3917 461 3969 AB
531 3918 547 3967 6
574 3914 652 3967 urbes
676 3914 729 3967 iam
753 3917 867 3981 quantae
890 3914 959 3983 nep,
987 3913 1042 3967 iam
1069 3914 1148 3967 urbes
1176 3919 1293 3982 quantae
1320 3915 1364 3970 Urs

230 4007 245 4058 7
274 4002 372 4072 scopoli
399 4004 426 4056 A
497 4005 513 4055 9
541 4002 660 4053 onerosi*
688 4003 715 4055 A
788 4005 819 4055 lo
847 4000 993 4068 quaerellae
1016 4002 1043 4054 A
1114 4003 1144 4055 11
1175 4003 1321 4055 sustineret
1343 4003 1365 4055 A

232 4092 263 4144 13
276 4090 443 4143 inolescentis
462 4089 517 4158 nep
570 4091 601 4142 18
620 4091 646 4139 et
665 4104 717 4140 non
736 4107 786 4142 111.
807 4090 833 4141 A
887 4091 919 4142 19
938 4090 1062 4155 erogatur
1085 4089 1135 4143 Urs
1189 4090 1222 4143 21
1244 4090 1366 4158 pariasset

232 4178 294 4232 Gel:
312 4177 398 4245 parias
412 4178 451 4228 set
464 4177 498 4242 A,
518 4175 604 4243 parias
618 4174 662 4226 sed
676 4176 703 4229 B
756 4174 880 4227 milliario
893 4176 920 4228 A
973 4176 1144 4230 caracenam
1159 4177 1287 4244 signant:
1305 4178 1368 4231 talio

230 4268 285 4332 fere
304 4265 445 4333 perierant
467 4262 577 4315 humaui
595 4262 698 4328 generis
717 4264 789 4314 aetas
860 4265 892 4317 27
912 4264 939 4314 et
955 4264 1019 4330 fort.
1091 4263 1124 4316 30
1149 4261 1275 4328 signatur
1294 4265 1369 4333 Bmp,

231 4351 382 4418 singulatur
398 4352 455 4406 AB
