2820 4914
212 412 275 475 340
442 411 555 477 Quinti
574 412 712 480 Septimi
730 411 895 465 l'loreutis
915 411 1116 466 Tertulliani

211 588 285 668 diis,
316 607 447 669 quorum
477 589 645 652 discentiae
669 589 919 653 reminiscentiae
942 588 1043 653 fiunt?
1088 589 1190 652 immo
1215 609 1271 652 cur
1296 608 1357 652 non

211 711 360 773 exaequo
376 712 485 757 omnes
500 693 709 774 recordamur,
726 713 796 757 eum
818 713 854 757 ex
870 712 969 775 aequo
982 711 1090 757 omues
1104 693 1355 757 obliuiscamur?

211 797 265 859 sed
288 798 505 860 tautummodo
528 797 712 880 philosophi.
752 817 790 861 ne
813 798 846 860 hi
869 798 995 879 quidem
1017 817 1135 862 ornnes
1178 797 1274 862 Plato
1297 798 1355 861 sci-

210 901 282 964 licet
305 902 389 964 solus
412 902 444 964 in
468 905 555 966 tanta
578 902 718 985 gentium
743 902 837 982 silua,
869 903 901 965 in
925 905 1012 965 tanto
1037 902 1228 984 sapientium
1253 906 1353 984 prato,

172 1031 185 1069 a
211 1006 351 1069 idearum
376 1010 406 1070 et
428 1007 543 1069 oblitus
567 1010 596 1069 et
620 1006 799 1069 recordatus
824 1010 880 1069 est.
926 1007 1020 1090 igitur
1043 1009 1074 1069 et
1098 1006 1124 1070 si
1147 1007 1238 1070 nullo
1263 1007 1352 1071 modo

211 1111 353 1174 consistit
392 1110 621 1193 argumentatio
659 1110 721 1173 ista
757 1111 942 1193 praecipua,
980 1114 1081 1174 toturn
1119 1111 1199 1174 illud
1237 1112 1352 1193 pariter

211 1233 357 1277 euersum
388 1217 449 1293 est,
480 1215 530 1278 cui
561 1216 794 1278 accommodata
818 1217 878 1294 est,
910 1218 945 1278 ut
967 1215 1089 1278 animae
1114 1218 1146 1278 et
1169 1215 1299 1279 innatae
1322 1219 1351 1278 et

210 1319 242 1381 in
273 1319 459 1382 caelestibus
490 1321 691 1382 conuersatae
719 1323 750 1382 et
773 1319 913 1383 consciae
938 1319 1114 1383 diuinorum
1136 1320 1201 1383 illio
1226 1323 1260 1383 et
1283 1321 1350 1383 inde

211 1423 332 1486 delatae
354 1427 385 1486 et
400 1423 451 1486 hic
466 1424 643 1487 recordatae
667 1424 875 1504 crederentur,
899 1423 937 1486 ad
961 1425 1136 1488 occasiones
1160 1425 1257 1506 plane
1280 1425 1350 1488 hae-

159 1553 184 1591 ro
209 1529 313 1590 reticis
337 1527 628 1591 subministrandas.

253 1629 304 1695 25.
325 1629 417 1713 llam
451 1650 533 1695 nunc
567 1632 723 1714 regrediar
757 1633 795 1695 ad
827 1651 952 1696 causam
983 1633 1076 1696 huius
1107 1651 1272 1713 excessuS,
1305 1634 1401 1696 utilia

209 1737 347 1815 reddam,
371 1735 524 1816 quomodo
548 1737 670 1798 animae
694 1755 730 1799 er
753 1755 815 1799 una
838 1737 1022 1816 redundent,
1046 1737 1171 1818 quando
1196 1741 1230 1801 et
1253 1737 1305 1801 ubi
1321 1741 1348 1800 et

211 1859 271 1920 qua
293 1840 413 1903 ratione
437 1843 608 1903 sumantur.
648 1840 685 1902 de
707 1858 768 1920 qua
792 1841 894 1922 specie
911 1841 987 1904 nihil
1003 1841 1108 1920 refert,
1133 1841 1347 1923 aphilosopho

210 1962 250 2006 an
280 1944 319 2007 ab
349 1944 504 2007 haeretico
528 1962 566 2007 an
591 1963 608 2007 a
631 1945 725 2027 uulgo
748 1945 889 2024 quaestio
912 1948 1061 2008 occurrat.
1108 1946 1196 2008 nulla
1222 1946 1346 2009 interest

159 2072 184 2112 15
210 2047 435 2131 professoribus
459 2049 600 2112 ueritatis
624 2048 660 2112 de
684 2049 869 2112 aduersariis
893 2050 974 2129 elue,
1006 2049 1141 2113 maxime
1165 2052 1234 2113 tam
1258 2050 1346 2113 auda-

210 2152 298 2215 cibus
329 2172 422 2234 quarn
454 2158 528 2217 sunt
557 2154 656 2235 primo
687 2153 752 2232 isti,
787 2155 840 2234 qui
867 2157 1073 2237 praesumunt
1106 2172 1169 2219 non
1199 2155 1233 2219 in
1264 2159 1345 2218 utero

210 2257 330 2340 concipi
365 2258 502 2320 animam
533 2276 590 2320 nec
620 2276 692 2321 omn
723 2258 823 2321 carnis
854 2258 1033 2341 figulatione
1065 2258 1228 2342 compingi
1258 2263 1345 2340 atque

210 2361 348 2444 produci,
372 2361 426 2424 sed
450 2361 548 2425 effuso
571 2362 634 2425 iam
657 2366 748 2444 partu
771 2362 909 2426 nondum
933 2363 1006 2425 uiuo
1027 2363 1139 2426 infanti
1156 2364 1344 2427 extrinsecus

210 2465 346 2546 inprimi.
381 2469 518 2529 ceterum
543 2485 650 2529 semen
674 2486 710 2529 ex
733 2465 898 2530 concubitu
920 2467 1124 2530 muliebribus
1144 2467 1223 2532 locis
1240 2486 1345 2549 seque-

157 2594 184 2632 n
210 2573 344 2632 stratum
367 2573 515 2651 motuque
539 2570 673 2634 naturali
695 2572 877 2654 uegetatum
900 2572 1172 2654 compinguescere
1196 2572 1343 2636 insolam

210 2673 421 2737 salutantium
444 2675 558 2748 carnis3
583 2693 651 2738 earu
676 2675 792 2738 editam
817 2676 908 2738 etde
932 2675 1011 2738 uteri
1031 2675 1156 2739 fornace
1173 2676 1344 2740 fumantem

210 2780 240 2841 et
271 2779 371 2841 calore
402 2778 536 2842 solutam
567 2782 602 2842 ut
630 2779 746 2842 ferrum
777 2779 911 2861 ignitum
944 2783 973 2843 et
996 2779 1113 2843 ibidem
1137 2780 1269 2863 frigidae
1292 2783 1345 2844 irn-

123 2923 129 2934 ·
210 2899 362 2962 mersum,
394 2884 437 2946 ita
468 2884 547 2945 aeris
575 2883 675 2966 rigore
699 2901 880 2965 percussam
904 2888 935 2946 et
957 2884 1022 2946 uirn
1046 2883 1218 2948 animalem
1241 2904 1344 2966 rapere

210 2988 240 3048 et
271 2987 411 3049 uocalem
442 3005 553 3050 sonum
585 2987 723 3051 reddere.
770 2988 828 3050 hoo
858 2986 950 3052 Stoici
981 3006 1052 3051 cum
1074 2987 1287 3053 Aenesidemo
1318 2992 1345 3052 et

158 3114 183 3152 2⁵
210 3089 275 3170 ipse
299 3090 455 3154 interdum
477 3091 577 3171 Plato,
601 3109 671 3154 cum
689 3091 762 3154 dicit
776 3092 903 3174 perinde
919 3092 1057 3155 animam
1074 3096 1256 3157 extraneam
1273 3094 1344 3157 alias

210 3196 241 3256 et
264 3197 415 3258 extorrem
438 3197 518 3258 uteri
541 3196 641 3277 prima
665 3196 873 3278 adspiratione
897 3197 1053 3260 nascentis
1076 3197 1206 3261 infantis
1226 3198 1345 3277 adduci,

315 3439 340 3507 l]
361 3437 394 3492 cf.
407 3439 476 3492 Plat.
490 3438 588 3492 Phaed.
602 3455 627 3507 p.
641 3441 674 3492 72
684 3455 722 3506 sq.
777 3438 823 3506 25]
843 3438 875 3492 cf.
894 3437 963 3492 Plat.
976 3438 1075 3493 Phaed.
1088 3455 1113 3508 p.
1128 3442 1162 3494 76
1175 3455 1232 3508 sqq.

255 3665 499 3719 lreminiscentiae
517 3683 567 3720 om.
582 3667 608 3719 A
662 3667 745 3720 3nec
763 3664 852 3719 iiLat
903 3665 1071 3733 Agentium]
1090 3665 1256 3732 sagieutium
1274 3668 1345 3721 Har-

209 3753 288 3805 telius
335 3754 478 3806 saltarum
491 3754 517 3804 et
529 3770 578 3807 oui.
591 3753 618 3804 A
664 3755 691 3804 et
702 3758 866 3820 postremum
879 3753 966 3806 ΜΒ
1014 3753 1345 3821 7etpciossup.aers.A

209 3840 226 3892 8
252 3838 355 3891 conscie
381 3840 407 3892 A
479 3842 494 3893 9
518 3845 583 3906 post
610 3837 712 3892 delatae
735 3838 888 3893 addiderim
915 3840 941 3891 et
963 3837 1059 3892 oblitae
1129 3839 1345 3894 occansionesA

211 3927 240 3979 ll
266 3924 413 3979 ANIMAM
438 3925 481 3978 ΕΤ
509 3925 658 3980 CARNllM
685 3925 793 3979 SIMVL
821 3923 967 3979 CONCIPI
994 3926 1057 3989 AB,
1084 3925 1132 3978 DE
1160 3925 1346 3981 CONCEPTl'

209 4011 349 4064 ANIMAE
371 4011 555 4065 ADVERSVS
578 4010 642 4065 EOS
666 4011 727 4077 Qvi
749 4011 838 4065 POST
857 4011 1004 4065 PARTVM
1022 4010 1177 4066 CORPORI
1200 4013 1280 4067 EAM
1296 4013 1345 4067 IN-

209 4097 353 4151 DVCVNT
375 4100 423 4153 aa
476 4099 588 4153 utPum
644 4100 677 4154 12
694 4097 827 4152 redundet
844 4100 871 4152 A
885 4116 951 4154 corr.
1005 4102 1032 4151 et
1050 4115 1080 4152 ex
1093 4115 1144 4166 qua
1157 4101 1184 4155 B
1241 4103 1274 4156 13
1293 4117 1346 4170 spe·

210 4185 249 4255 cie
268 4184 351 4238 anihil
369 4187 396 4240 A
432 4171 435 4178 ¹
463 4188 494 4240 18
513 4185 558 4238 sed
577 4187 646 4239 Lat:
664 4185 709 4238 sed
729 4189 755 4238 ot
773 4186 828 4240 AB
893 4187 926 4241 20
946 4186 1171 4254 compisguescere
1189 4187 1216 4240 A
1289 4188 1347 4241 soli·

210 4271 271 4325 darn
284 4274 415 4327 Pricaeus
472 4274 505 4328 22
518 4272 589 4326 idem
601 4275 664 4340 fort.
723 4271 837 4340 frigidae
852 4272 913 4327 oea:
932 4271 1096 4340 frigideAB
1154 4276 1187 4328 25
1200 4273 1348 4328 interduA

209 4357 317 4427 perinde
336 4361 443 4429 Aqu,
461 4358 571 4429 proinde
589 4361 617 4415 B
670 4361 703 4415 26
721 4358 902 4428 adspiratione
919 4360 946 4413 A
