2820 4914
171 391 233 456 228
398 390 511 456 Quinti
530 390 670 460 Septimi
688 389 855 443 Florentis
873 388 1077 443 Tertulliani

170 568 256 632 oidae
279 569 519 646 antecessorem,
549 567 710 648 utriusque
741 565 916 649 collegam?
953 581 1105 648 personae
1137 562 1307 645 acceptatio

170 675 231 736 est:
255 671 494 736 miserabiliores
517 671 726 754 paenitentias
749 669 912 752 reliquisti.

213 775 242 840 6.
273 776 385 855 Plane,
415 776 442 839 si
472 776 634 856 ostendas,
667 775 705 839 de
734 774 847 856 quibus
877 773 1057 857 patrociniis
1093 772 1305 855 exemplorum

169 884 467 965 praeceptorumque
490 880 673 944 caelestium
695 879 753 943 soli
776 877 936 943 moechiae
959 880 991 941 et
1009 879 1041 940 in
1058 894 1095 941 ea
1110 876 1303 940 fornicationi

131 1004 293 1068 equoque
323 986 449 1049 ianuam
479 983 687 1068 paenitentiae
718 983 884 1066 expandas,
915 982 955 1047 ad
983 981 1065 1046 hanc
1095 981 1162 1044 iam
1192 981 1301 1044 dream

170 1090 331 1154 dimicabit
361 1093 467 1154 nostra
496 1088 681 1172 congressio.
720 1086 930 1171 praescribam
957 1089 1064 1150 tamen
1091 1084 1152 1149 tibi
1175 1085 1299 1148 formam

169 1212 296 1259 necesse
320 1196 378 1274 est,
402 1212 440 1258 ne
463 1194 503 1258 ad
525 1196 633 1257 uetera
656 1210 785 1256 manum
809 1191 946 1270 emittas,
977 1209 1016 1254 ne
1042 1191 1075 1254 in
1097 1193 1189 1272 terga
1211 1189 1298 1272 respi-

169 1300 243 1363 cias.
282 1301 390 1362 uetera
419 1299 503 1362 enim
532 1298 726 1362 transierunt
755 1295 928 1360 secundum
955 1294 1093 1375 Esaiam,
1130 1297 1162 1358 et
1192 1296 1297 1357 nauata

170 1407 218 1468 est
247 1404 311 1467 iam
341 1404 465 1467 nouatio
489 1402 661 1466 secundum
683 1401 888 1479 Hieremiam,
920 1403 950 1464 et
981 1398 1070 1463 obliti
1098 1398 1296 1481 posteriorum

118 1538 143 1576 10
169 1510 202 1573 in
224 1509 326 1591 priora
348 1507 533 1590 porrigimur
556 1507 727 1571 secundum
750 1504 935 1588 apostolum,
959 1507 991 1568 et
1011 1503 1062 1567 lex
1084 1506 1118 1567 et
1137 1502 1295 1586 prophetae

169 1632 267 1695 usque
291 1612 329 1676 ad
345 1612 518 1676 Iohannem
542 1611 713 1675 secundum
736 1610 905 1674 dominum.
945 1626 1019 1673 nam
1042 1610 1074 1672 et
1097 1607 1220 1672 sicum
1238 1624 1296 1669 ma·

169 1719 250 1781 xime
273 1735 292 1780 a
314 1717 383 1799 lege
405 1716 565 1799 coepimus
589 1714 832 1779 demonstrando
855 1712 1039 1792 moechiam,
1071 1711 1185 1775 merito
1208 1711 1246 1774 ab
1267 1728 1296 1774 eo

169 1826 252 1886 statu
274 1821 363 1904 legis,
386 1839 479 1903 quem
503 1819 646 1885 Christus
669 1838 732 1883 non
754 1818 906 1898 dissoluit,
938 1817 993 1882 sed
1019 1816 1173 1899 impleuit.
1213 1832 1297 1880 onera

170 1927 254 1991 enim
284 1926 362 2009 legis
393 1944 492 2007 usque
523 1925 561 1989 ad
584 1924 767 2002 Iohannem,
798 1940 860 1987 non
889 1921 1037 1986 remedia.
1076 1938 1208 2003 operum
1234 1921 1299 2003 iuga

119 2059 143 2096 15
170 2032 283 2095 reiecta
306 2032 390 2111 sunt,
421 2047 483 2094 non
506 2029 751 2112 disciplinarum.
789 2027 917 2092 libertas
940 2028 971 2090 in
995 2025 1120 2090 Christo
1143 2044 1207 2091 non
1233 2025 1299 2089 feeit

168 2135 362 2200 innocentiae
385 2134 539 2198 iniuriam.
579 2136 686 2197 manet
707 2134 756 2197 lex
779 2135 846 2197 tota
860 2131 985 2214 pietatis
1001 2129 1181 2195 sanctitatis
1197 2130 1299 2194 huma-

169 2239 276 2303 nitatis
306 2237 446 2302 ueritatis
477 2238 629 2302 castitatis
655 2237 791 2301 iustitiae
815 2235 1046 2299 misericordiae
1069 2233 1300 2298 beneuolentiae

167 2343 344 2428 pudicitiae.
383 2343 414 2404 in
444 2359 506 2423 qua
534 2343 604 2425 lege
634 2341 768 2405 beatus
798 2341 855 2403 uir
884 2339 946 2421 qui
977 2338 1228 2403 meditabitur
1250 2339 1300 2402 die

168 2467 208 2513 ac
231 2451 348 2513 nocte.
387 2446 424 2509 de
447 2465 510 2528 qua
531 2447 615 2510 idem
638 2446 739 2510 Dauid
761 2463 883 2508 rursus:
912 2444 969 2507 lex
1000 2443 1140 2507 domini
1168 2443 1302 2507 inuitu-

116 2581 143 2619 20
167 2551 366 2637 perabilis,
401 2553 624 2615 conuertens
659 2550 817 2623 animas3
854 2549 938 2612 iura
974 2547 1116 2611 domini
1149 2547 1301 2625 directa,

168 2656 402 2721 oblectantia
431 2656 555 2729 corda;
586 2657 825 2738 praeceptum
857 2653 996 2717 domini
1025 2652 1138 2736 longe
1162 2652 1300 2730 lucens,

168 2761 398 2825 inluminans
422 2759 558 2823 oculos.
597 2759 641 2823 sic
664 2761 696 2823 et
717 2758 890 2841 apostolus:
921 2757 1048 2838 itaque
1074 2756 1134 2820 lex
1158 2757 1300 2838 quiden

163 2868 299 2929 sancta
322 2867 392 2944 est,
424 2865 459 2927 et
481 2867 722 2946 praeceptum
745 2864 916 2926 sanctum
944 2864 980 2925 et
1009 2860 1210 2943 optimum;
1239 2860 1299 2924 uti·

168 2988 250 3051 que:
282 2984 352 3032 non
380 2967 647 3032 moechaberis.
686 2967 740 3030 sed
771 2969 802 3030 et
832 2983 940 3049 supra:
970 2966 1091 3049 legem
1114 2983 1204 3048 ergo
1227 2981 1298 3028 eua-

116 3100 142 3140 a
168 3091 319 3136 cuamus
342 3091 406 3155 per
428 3072 563 3135 fidem?
602 3070 716 3151 absit,
747 3071 810 3134 sed
832 3071 954 3154 legem
976 3068 1167 3150 sistimus,
1192 3069 1298 3133 scilicet

166 3177 200 3241 in
222 3177 271 3240 his
294 3194 373 3259 quae
396 3178 428 3240 et
450 3194 534 3240 nuno
561 3192 641 3240 nouo
671 3177 861 3239 testamento
889 3173 1054 3238 interdicta
1077 3173 1177 3237 etiam
1199 3190 1296 3237 cumu-

166 3281 276 3345 latiore
298 3283 462 3364 praecepto
488 3279 701 3362 prohibentur.
739 3294 795 3360 pro
819 3281 900 3342 ‘non
922 3276 1205 3358 moechaberis',
1235 3274 1295 3358 ‘qui
1334 3320 1336 3331 .

167 3385 304 3449 uiderit
317 3384 359 3448 ad
375 3383 732 3466 concupiscentiam,
748 3383 820 3446 iam
836 3382 1052 3446 moechatus
1069 3381 1181 3445 estin
1198 3379 1294 3445 eorde
1333 3354 1336 3461 l

167 3492 251 3570 suo',
276 3492 308 3553 et
330 3506 385 3572 pro
410 3489 491 3553 ‘non
515 3488 672 3552 occides'
696 3487 769 3569 ‘qui
793 3486 931 3551 dixerit
949 3486 1060 3550 fratri
1079 3503 1147 3549 suo
1167 3485 1294 3563 Racha,

115 3620 141 3660 so
166 3613 251 3658 reus
269 3593 340 3657 erit
361 3593 575 3677 gehennae’.
607 3609 730 3674 quaere,
748 3609 788 3655 an
803 3592 893 3656 salua
907 3589 950 3655 sit
964 3591 1014 3654 lex
1029 3607 1091 3654 non
1107 3588 1294 3668 moechandi,

167 3699 217 3762 oui
237 3697 369 3781 accessit
384 3716 442 3762 nec
457 3696 705 3780 concupiscendi.
730 3698 868 3760 ceterum
884 3695 912 3759 si
927 3712 990 3777 qua
1004 3692 1093 3758 uobis
1107 3694 1251 3778 exempla
1268 3693 1294 3756 in

269 3895 298 3964 8]
318 3893 351 3949 of.
365 3894 463 3958 Est‘o',
478 3897 510 3951 18
523 3911 561 3963 sq.
620 3895 648 3964 9]
668 3893 700 3948 cf.
714 3893 787 3948 Hier.
800 3895 826 3958 4,
837 3895 862 3949 4.
921 3892 965 3961 10]
984 3890 1149 3957 Ponam.
1208 3891 1251 3962 ll]
1267 3888 1294 3945 cl.

166 3981 299 4046 Mettus,
314 3984 353 4037 13.
418 3981 461 4051 18]
480 3981 523 4036 Ps.
540 3983 599 4045 l‚2.
658 3981 703 4051 19]
721 3980 786 4035 ibid.
800 3982 940 4049 19,8sqq.
993 3979 1039 4049 22]
1057 3979 1135 4035 Rom.
1150 3982 1221 4047 7,12
1238 3980 1295 4033 eti.

166 4068 211 4138 24]
230 4069 306 4122 Rom.
320 4071 344 4134 3,
357 4070 398 4124 31.
451 4068 497 4137 27]
516 4068 611 4122 Matth.
626 4071 650 4133 5,
662 4069 695 4123 27
714 4070 741 4122 et
759 4069 800 4123 22.

208 4253 495 4321 ipraeceptorumque
511 4251 541 4320 0,
558 4253 758 4320 praeceptorum
771 4252 798 4305 B
851 4248 986 4318 5pandae
998 4248 1055 4304 Lat
1106 4250 1143 4305 20
1156 4249 1261 4305 animas
1272 4247 1297 4317 0,

166 4339 321 4393 animamB
374 4340 406 4395 21
427 4338 506 4392 corda
520 4339 583 4394 Gal:
600 4337 677 4392 corde
690 4340 717 4393 B
769 4341 803 4393 27
822 4335 997 4406 prohibentur
1010 4337 1074 4392 Gal:
1090 4336 1298 4405 prohibemurB
