2828 4936
607 1036 683 1118 VH.

475 1248 535 1311 DE
557 1247 815 1312 BAPTISMO.

127 1456 158 1522 1.
175 1428 267 1522 Felix
295 1461 526 1521 sacramentum
540 1459 543 1465 ’
557 1474 655 1537 equae
686 1461 821 1535 nostrae,
850 1456 922 1536 quia
951 1454 1066 1519 ablutis
1097 1456 1216 1519 delictis

72 1561 226 1633 pristinae
254 1562 414 1626 caecitatis
445 1562 478 1625 in
508 1562 607 1624 uitam
640 1564 799 1624 aeternam
829 1560 1011 1624 liberamur!
1068 1578 1129 1625 non
1160 1561 1218 1623 erit

65 1663 213 1731 otiosum
235 1667 392 1750 digestum
415 1667 515 1745 istud,
542 1667 698 1729 instruens
727 1668 793 1728 tam
822 1684 873 1729 eos
902 1665 955 1746 qui
983 1683 1054 1728 cum
1082 1666 1216 1728 maxime
1255 1692 1268 1730 5

57 1759 266 1851 formantur,
296 1789 391 1853 quam
422 1774 454 1834 et
483 1771 553 1835 illos
584 1772 637 1852 qui
669 1770 852 1852 simpliciter
882 1770 1049 1833 credidisse
1080 1770 1217 1833 contenti

51 1880 148 1937 lon
167 1875 328 1958 exploratis
351 1874 525 1939 rationibus
550 1875 752 1938 traditionum
780 1875 1000 1955 intemptatam
1023 1874 1217 1956 probabilem

49 1964 174 2043 fidem
199 1999 252 2062 per
279 1979 472 2061 imperitiam
498 1981 632 2061 portant.
679 1982 773 2059 atque
803 1978 879 2042 adeo
907 1998 1006 2059 nuper
1033 1982 1218 2042 conruersata

47 2068 323 2181 istiossqnaedam
346 2083 384 2146 de
400 2082 521 2148 Gaiana
540 2083 662 2146 haeresi
682 2083 791 2179 uipma
810 2083 1055 2146 uenenetissima
1078 2083 1219 2147 doctrina

48 2191 144 2248 illa.
165 2189 327 2271 plerosque
353 2189 472 2271 rapuit,
504 2189 648 2272 inprimis
674 2187 869 2270 baptismum
898 2188 1071 2252 destruens.
1124 2188 1217 2271 plane
1245 2216 1270 2253 10

51 2294 250 2358 seeundum
272 2296 429 2357 naturam.
474 2311 548 2356 narn
574 2293 640 2356 tere
666 2293 791 2374 uiperae
820 2296 851 2356 et
878 2293 1002 2374 aspides
1027 2295 1147 2375 ipsique
1170 2313 1218 2356 re-

51 2391 151 2463 suli
173 2401 332 2481 serpentes
359 2398 445 2461 arida
472 2401 504 2462 st
529 2403 681 2478 inaquosa
707 2400 876 2460 sectantur.
922 2398 977 2461 sed
1000 2416 1056 2462 nos
1078 2398 1219 2479 pisciculi

56 2503 249 2567 Secundum
279 2502 355 2582 ἰχθὺν
386 2506 529 2567 nostrum
558 2502 664 2566 Iesum
696 2501 856 2566 Christum
886 2503 919 2565 in
950 2521 1031 2584 aqua
1060 2503 1219 2566 nascimur

55 2606 144 2666 nec
162 2607 249 2671 aliter
270 2624 366 2689 quam
388 2607 420 2670 in
443 2625 524 2688 aqua
546 2607 756 2688 permanendo
780 2607 859 2669 salui
882 2625 1000 2670 sumus.
1039 2608 1144 2687 itaque
1164 2606 1219 2669 illa

58 2711 358 2792 monstrosissima,
391 2711 442 2774 cui
472 2730 529 2774 nec
559 2712 698 2794 integrae
733 2711 858 2792 quidem
893 2711 1022 2775 docendi
1056 2712 1108 2793 ius
1140 2715 1217 2792 erat,
1245 2736 1270 2776 1⁵

59 2812 195 2885 ‘letone
217 2818 309 2898 norat
328 2816 494 2899 pisciculos
519 2834 628 2878 necare
652 2817 689 2878 de
713 2833 794 2897 aqua
818 2816 972 2879 auferens.

125 2913 156 2980 2.
183 2918 242 2985 Sed
272 2920 358 2985 enim
387 2924 506 3001 quanta
536 2922 583 2983 uis
615 2923 663 2983 est
692 2921 905 3001 peruersitatis
939 2920 977 2983 ad
1007 2920 1101 2983 fidem
1132 2918 1219 2983 labe-

63 3005 257 3089 factendam
279 3024 331 3087 uel
353 3024 386 3087 in
409 3027 509 3088 toturn
537 3042 598 3087 non
627 3024 851 3106 recipiendam,
878 3026 915 3086 ut
938 3043 974 3087 ex
996 3024 1045 3086 his
1070 3042 1139 3086 eam
1161 3024 1219 3086 im-

65 3126 211 3209 pugnet,
237 3147 275 3193 ex
296 3128 410 3209 quibus
432 3130 572 3191 constat!
617 3128 696 3191 nihil
719 3128 795 3191 adeo
823 3131 871 3191 est
894 3129 975 3209 quod
998 3131 1063 3191 tam
1087 3128 1220 3191 obduret

70 3230 201 3297 mentes
219 3231 383 3297 hominum
406 3250 501 3313 quam
524 3232 708 3314 simplicitas
732 3232 908 3295 diuinorum
932 3250 1061 3314 operum
1084 3250 1163 3312 quae
1187 3232 1220 3295 in
1247 3260 1272 3299 ao

74 3329 155 3395 aeid
181 3336 305 3401 uidetur
334 3340 367 3401 et
392 3334 630 3419 ‘magnificentia
659 3353 738 3416 quac
769 3337 800 3398 in
832 3335 946 3399 effectu
977 3336 1219 3418 repromittitur:
1330 3383 1332 3388 -

76 3428 122 3490 ub
142 3433 188 3503 hic
212 3458 350 3523 quoqne,
377 3440 525 3521 qnoniam
552 3443 641 3503 tauta
664 3440 878 3521 simplicitate,
906 3440 973 3503 sine
995 3458 1124 3523 pompa,
1153 3441 1219 3503 siue

82 3541 231 3618 annuato
253 3562 335 3610 nouo
364 3544 483 3626 aliquo,
514 3544 648 3625 denique
675 3545 742 3607 sino
770 3547 897 3625 sunnptu
925 3544 1017 3608 homo
1033 3545 1076 3607 *in
1105 3563 1219 3626 aquam

85 3628 233 3712 demissus
262 3652 292 3713 et
320 3649 402 3713 inter
429 3666 528 3730 pauca
555 3647 653 3711 uerba
679 3648 888 3711 tinctusnon
916 3650 1016 3712 multo
1043 3650 1095 3712 uel
1122 3648 1219 3712 nihilo

68 3680 224 3891 bardior
245 3753 396 3835 resurgit,
425 3770 460 3815 eo
487 3752 677 3815 incredibilis
701 3752 895 3815 existimetur
919 3753 1097 3815 consecutio
1121 3756 1220 3815 aeter·
1246 3781 1272 3820 25

131 3933 199 3993 tbb
210 3940 391 3997 BAP'I'ISMO
409 3940 593 3995 ADVERSVS
613 3940 837 4006 QVINTILbanl
852 3942 923 3995 Pam
967 3944 1049 4008 3qua
1068 3943 1118 3995 Urs
1164 3940 1220 3994 lin

90 4005 214 4081 telliatum
230 4030 288 4099 Rip
341 4031 371 4085 11
392 4028 447 4083 fere
464 4030 534 4083 Lot:
552 4028 623 4083 ferae
641 4030 668 4082 B
728 4030 760 4082 13
779 4028 913 4081 nascimur
932 4030 1016 4082 Pom:
1034 4043 1175 4080 nascamur
1192 4029 1220 4081 B

91 4091 121 4149 ¹4
136 4104 220 4183 itaque
236 4114 296 4185 illa]
315 4115 354 4169 ite
372 4115 505 4181 Quintilla
524 4115 574 4170 aa
633 4118 665 4170 15
683 4116 802 4182 integrae
822 4118 892 4170 Ion:
909 4116 1011 4182 integre
1030 4117 1057 4169 Β
1117 4116 1148 4169 19
1167 4130 1219 4180 quo

88 4175 142 4276 ΙΨ*
205 4205 261 4257 tam
285 4203 349 4257 add.
374 4204 425 4259 Ure
495 4204 527 4257 21
552 4202 659 4255 uidetur
687 4204 751 4257 Ura:
778 4201 906 4254 uidentur
929 4204 956 4257 B
1026 4203 1060 4258 22
1088 4199 1130 4255 hic
1156 4199 1220 4255 Gal:

86 4257 189 4343 h¹¹¹0B
240 4292 274 4347 23
293 4305 388 4358 aquam
408 4291 477 4345 Ima:
495 4304 563 4357 aqua
581 4290 608 4342 B
