2820 4914
556 426 587 479 X.
608 427 652 478 De
671 426 779 477 {anima
798 428 838 478 57.
1077 408 1079 415 ,
1205 425 1273 490 393
1296 494 1297 498 ,

122 609 198 668 tunc
222 605 345 686 spiritui
368 604 473 666 minus
490 603 579 666 licuit
595 602 735 664 animam
751 599 905 664 Samuelis
923 599 1070 682 effingere
1086 603 1158 682 post
1174 602 1269 664 deum
1302 597 1304 601 ’

122 712 262 773 mortuos
294 708 475 771 consulente
499 705 600 770 Saule.
640 705 722 768 absit
754 705 900 785 alioquin,
932 708 967 767 ut
998 705 1136 767 animam
1165 707 1284 785 cuius-¹

122 813 200 877 libet
217 813 328 892 sancti,
352 812 469 875 nedum
485 811 666 892 prophetae,
690 829 708 872 a
724 809 887 872 daemonio
904 808 1067 871 credamus
1084 812 1266 890 extractam,

123 917 224 981 edocti
236 916 410 998 quodipse
428 918 580 978 satanas
597 915 896 996 transfiguretur
913 914 949 975 in
967 915 1141 997 angelum
1156 915 1267 995 lucis,

123 1022 239 1084 nedum
263 1021 295 1082 in
319 1020 481 1083 hominem
502 1019 592 1097 lucis,
616 1019 710 1081 etiarm
734 1019 827 1081 deum
848 1036 880 1080 se
898 1018 1137 1081 adseueraturus
1153 1019 1186 1081 in
1206 1017 1267 1081 fine
1307 1047 1320 1087 a

122 1126 275 1208 signaque
288 1124 516 1206 portentosiora
529 1122 1266 1204 editurusadeuertendos,silieripossit,

122 1230 274 1292 electos.
300 1228 464 1306 dubitauit,
489 1227 515 1289 si
538 1227 628 1306 torte,
653 1232 728 1289 tunc
751 1226 936 1308 prophetam
960 1245 992 1288 se
1016 1226 1065 1289 dei
1086 1227 1267 1290 adseuerare

122 1337 155 1396 et
170 1333 276 1413 utique
293 1330 388 1410 Sauli,
405 1333 437 1393 in
455 1332 592 1412 quoiam
608 1332 674 1412 ipse
690 1330 879 1393 morabatur.
909 1349 947 1393 ne
959 1333 1050 1411 putes
1063 1330 1159 1393 alium
1171 1331 1267 1394 tuisse

123 1438 178 1518 qui
193 1437 382 1518 phantasma
398 1435 647 1514 administrabat,
673 1435 769 1498 alium
786 1435 837 1514 qui
853 1434 1104 1514 commendabat,
1122 1435 1176 1498 sed
1192 1454 1267 1498 eun-

123 1542 195 1604 dem
212 1541 355 1622 spiritum
373 1544 402 1602 et
418 1541 450 1602 in
466 1538 768 1621 pseudoprophetide
785 1539 862 1601 etin
879 1541 1021 1620 apostata
1036 1538 1126 1601 facile
1142 1539 1268 1602 mentiri
1295 1567 1319 1605 10

123 1645 206 1726 quod
236 1645 353 1707 iecerat
380 1645 473 1723 credi,
504 1663 559 1726 per
582 1663 677 1724 quem
700 1641 801 1706 Saulis
824 1631 1013 1706 thensaurus
1037 1644 1099 1706 illic
1123 1646 1190 1706 erat
1212 1644 1266 1706 ubi

124 1753 157 1812 et
187 1767 238 1812 cor
268 1749 377 1829 ipsius,
409 1748 462 1811 ubi
494 1748 613 1811 scilicet
643 1747 718 1810 deus
744 1764 805 1809 non
830 1750 904 1810 erat.
952 1748 1073 1811 etideo
1096 1767 1266 1830 perquem

122 1855 265 1916 uisurum
297 1872 330 1915 se
361 1852 491 1915 credidit
525 1852 617 1931 uidit,
653 1852 725 1932 quia
754 1871 810 1932 per
840 1870 933 1932 quem
963 1851 1041 1914 uidit
1070 1855 1101 1914 et
1128 1852 1266 1916 credidit.

124 1959 150 2020 si
185 1961 215 2020 et
247 1958 283 2020 de
315 1957 476 2020 nocturnis
506 1950 697 2038 imaginibus
729 1955 893 2037 opponitur
929 1972 1020 2036 saepe
1055 1973 1116 2019 non
1150 1955 1267 2020 frustra

123 2066 262 2125 mortuos
294 2062 378 2124 uisos
411 2059 499 2141 (nam
530 2063 561 2122 et
583 2050 779 2123 Nasamonas
811 2060 935 2141 propria
958 2060 1083 2123 oracula
1107 2061 1188 2141 apud
1211 2079 1266 2143 pa·
1293 2085 1318 2126 15

122 2169 249 2229 rentum
273 2166 416 2247 sepulcra
439 2164 639 2228 mansitando
663 2167 798 2245 captare,
823 2168 858 2227 ut
878 2165 1059 2228 Heraclides
1084 2165 1192 2229 scribit
1214 2166 1264 2228 uel

122 2269 364 2352 Nymphodorus
394 2269 444 2331 uel
468 2268 655 2347 Herodotus,
688 2272 719 2331 et
742 2268 846 2332 Celtas
871 2269 952 2350 apud
975 2269 1114 2332 uirorum
1138 2269 1266 2332 fortium

79 2384 112 2436 65
126 2373 219 2437 busta
239 2372 243 2454 Ι
265 2374 373 2436 eadem
397 2373 434 2435 de
458 2391 552 2436 causa
576 2373 751 2452 abnoctare,
783 2376 817 2435 ut
839 2372 994 2436 Nicander
1017 2373 1176 2456 affirmat),
1205 2392 1266 2437 non

122 2478 224 2560 magis
264 2480 421 2562 mortuos,
456 2496 528 2540 uere
567 2479 705 2558 patimur
744 2477 776 2539 in
813 2477 930 2540 somnis
965 2495 1059 2557 quam
1094 2477 1198 2557 uiuos,
1241 2478 1267 2540 si

122 2581 232 2644 eadem
262 2582 382 2643 ratione
415 2584 553 2644 mortuos
585 2599 646 2661 qua
677 2583 708 2642 01
731 2581 846 2665 uiuos,¹
893 2598 950 2642 nec
973 2580 1088 2660 omnia,
1116 2599 1195 2661 quae
1218 2581 1266 2643 ui·
1292 2605 1318 2645 no

122 2686 235 2748 dentur
266 2703 341 2747 uera
373 2688 454 2748 sunt.
502 2703 564 2748 non
595 2685 679 2747 enim
710 2685 782 2764 quia
812 2684 958 2747 uidentur
989 2702 1064 2747 uera
1095 2687 1178 2764 sunt,
1210 2686 1265 2748 sed

122 2790 195 2870 quia
226 2789 445 2871 adimplentur.
492 2788 567 2851 fides
600 2789 792 2851 somniorum
823 2788 860 2849 de
892 2788 1014 2868 effectu,
1046 2806 1108 2851 non
1132 2789 1168 2851 de
1193 2806 1265 2852 con-

122 2897 230 2976 spectu
253 2893 459 2956 renuntiatur.
494 2893 573 2955 nulli
597 2896 703 2955 autem
727 2892 849 2956 animae
873 2892 999 2956 omnino
1023 2892 1138 2955 inferos
1158 2896 1264 2973 patere

121 2998 198 3060 satis
230 2997 373 3059 dominus
402 2998 434 3060 in
465 3000 649 3079 argumento
673 2997 725 3059 illo
748 2997 894 3078 pauperis
917 2997 1141 3078 requiescentis
1165 2997 1265 3060 01111-

122 3102 196 3164 uitis
220 3101 455 3183 ingemiscentis
480 3119 515 3163 er
538 3119 672 3182 persona
694 3100 841 3164 Abrahae
865 3101 977 3180 sanxit,
1001 3119 1062 3163 non
1085 3119 1176 3181 posse
1192 3101 1264 3165 inde
1291 3123 1316 3162 2⁵

121 3205 253 3287 relegari
276 3206 523 3269 renuntiatorem
547 3205 757 3287 dispositionis
780 3205 930 3283 infernae,
955 3206 1035 3286 quod
1058 3205 1109 3268 uel
1132 3208 1207 3268 tunc
1227 3206 1264 3269 li-

122 3328 191 3372 cere
222 3309 389 3391 potuisset,
424 3313 459 3372 ut
488 3309 590 3390 Moysi
621 3311 652 3371 et
681 3309 842 3390 prophetis
874 3309 1059 3372 crederetur.
1086 3312 1090 3326 '
1117 3310 1172 3372 sed
1206 3311 1264 3374 etsi

225 3498 471 3566 1]2001.11,11.
520 3498 547 3566 5]
567 3498 599 3550 cf.
620 3498 738 3553 2Thess.
753 3500 776 3561 2,
789 3501 813 3551 4.
866 3498 893 3566 G]
913 3499 1118 3562 1101112124.
1166 3499 1210 3568 11]
1230 3500 1263 3553 cf.

121 3584 218 3638 Matth.
233 3588 256 3648 o,
270 3588 311 3640 21.
368 3586 411 3652 17]
431 3584 463 3638 cf.
477 3584 575 3637 Herod.
592 3584 630 3637 IV
645 3587 702 3639 172.
756 3584 801 3651 21]
821 3584 853 3637 ef.
872 3584 936 3638 Luc.
952 3588 992 3648 lo,
1006 3588 1046 3640 25.

165 3763 399 3814 5asseueratums
412 3760 439 3812 A
492 3759 520 3811 in
539 3759 591 3811 fine
604 3760 639 3826 A,
659 3758 762 3826 insigne
782 3760 816 3825 B,
836 3760 885 3813 del.
902 3760 951 3813 cu
1004 3760 1148 3826 bsignaA
1201 3775 1262 3829 por-

122 3844 460 3899 tentosiora—auertendos
479 3864 529 3900 om.
549 3847 576 3898 A
642 3848 825 3898 lasseueraro
845 3847 871 3899 A
937 3845 1105 3901 dfarrtasma
1123 3847 1150 3900 A
1215 3846 1261 3899 ad·

121 3932 287 3984 ministrarit
304 3933 331 3984 A
385 3931 478 3984 eodem
497 3935 546 4000 spii
564 3933 664 4000 ABmp
722 3934 753 3985 10
771 3931 995 3999 pseudopropheti
1013 3934 1039 3984 A
1100 3935 1129 3986 11
1150 3932 1217 3985 sarili
1235 3935 1262 3986 A

121 4019 260 4071 thesaurus
279 4021 306 4072 B
360 4017 605 4074 lentennaco
659 4022 690 4072 15
709 4018 785 4070 uiuos
798 4021 825 4072 A
879 4019 1072 4071 Nasammonas
1090 4021 1117 4072 B
1172 4021 1203 4073 16
1223 4035 1262 4072 sc·

120 4105 232 4174 pulchra
254 4108 281 4159 B
353 4108 385 4160 17
409 4106 602 4173 nymphidorus
626 4123 657 4159 coo
680 4104 854 4174 nympidorus
878 4108 905 4159 A
983 4109 1014 4159 19
1037 4106 1140 4172 patitur·
1162 4107 1262 4176 ΑΒΜ]

122 4193 143 4244 si
162 4194 197 4260 A,
217 4192 262 4244 sed
281 4193 308 4246 B
370 4195 404 4248 20
423 4208 471 4245 nco
490 4193 601 4260 scripsi:
619 4195 646 4244 et
664 4194 728 4260 AB,
747 4195 775 4245 at
795 4193 845 4246 cer
910 4192 1012 4244 somnia
1033 4193 1083 4246 cer
1146 4195 1178 4247 21
1199 4209 1262 4246 uera

121 4281 288 4334 suntunaA
341 4278 433 4332 241110
447 4281 537 4333 onaA
591 4281 623 4333 25
637 4279 880 4346 ingemescentisA
933 4277 1056 4332 indedol.
1073 4279 1123 4333 Get
1175 4281 1262 4332 2610-

122 4366 297 4418 nuetiatorem
318 4368 344 4419 A
