2828 4936
228 428 291 491 244
459 426 573 493 Quinti
593 427 729 495 Septimi
749 425 918 481 Floreat-is
936 427 1136 482 Tertulliani

227 604 432 682 detinentem,
464 604 556 684 inque
588 623 659 666 eum
687 604 822 667 hominis
847 604 963 667 exitum
988 605 1110 684 quantis
1134 608 1223 686 potes
1247 604 1373 667 miseri-

225 707 344 771 cordiae
374 707 538 771 inlecebris
562 707 663 771 bonus
686 713 793 790 pastor
817 713 847 772 et
870 708 1051 771 benedictus
1074 726 1156 791 papa
1179 709 1371 772 contionaris

225 816 256 875 et
286 813 317 874 in
347 812 496 893 parabola
526 813 593 875 ouis
625 830 733 894 capras
758 817 829 876 tuas
852 813 997 894 quaeris?
1028 816 1083 875 tua
1105 813 1173 876 ouis
1197 832 1236 876 ne
1261 831 1371 876 rursus

225 916 262 979 de
292 936 387 1000 grege
415 917 518 980 exiliat
540 916 643 998 (quasi
666 935 727 979 non
751 916 859 980 exinde
882 917 946 979 iam
968 916 1061 979 liceat
1083 917 1165 997 quod
1189 935 1247 980 neo
1272 916 1372 980 semel

186 1048 198 1085 s
225 1021 339 1102 licuit),
370 1024 488 1085 ceteras
520 1021 614 1084 etiam
645 1024 731 1084 metu
762 1021 899 1103 comples
923 1039 995 1084 cum
1019 1022 1153 1084 maxime
1177 1021 1370 1104 indulgens?

225 1126 382 1208 apostolus
413 1143 486 1189 uero
517 1126 701 1189 sceleratam
725 1124 886 1188 libidinem
910 1124 1122 1188 fornicationis
1145 1126 1269 1188 incesto
1294 1143 1371 1188 onu-

225 1233 305 1293 stam
329 1234 395 1293 tam
417 1230 553 1312 proiecte
577 1230 758 1312 ignouisset‚
783 1232 819 1292 ut
841 1247 898 1292 neo
921 1229 1004 1292 hunc
1027 1230 1141 1293 saltem
1161 1229 1310 1292 habitum
1325 1229 1371 1292 le-

224 1334 368 1416 gitimum
398 1334 624 1415 paenitentiae,
655 1352 748 1414 quem
772 1333 809 1396 ab
834 1334 901 1415 ipso
925 1331 1067 1396 didicisse
1090 1332 1234 1412 debereS,
1269 1333 1309 1396 ab
1333 1350 1370 1396 eo

225 1439 380 1520 exegerit?
405 1438 481 1501 nihil
505 1439 541 1500 do
564 1441 687 1520 postero
711 1439 751 1501 sit
774 1438 992 1517 comminatus,
1017 1437 1093 1500 nihil
1117 1438 1155 1500 de
1172 1442 1277 1501 cetero
1295 1438 1371 1501 allo·

225 1546 337 1606 cutus?
383 1545 457 1623 quin
487 1543 583 1606 immo
615 1546 647 1605 et
675 1543 758 1605 ultra
789 1542 945 1621 obsecrat,
977 1543 1203 1606 constituerent
1234 1542 1269 1605 in
1297 1561 1369 1605 eum

225 1647 431 1726 dilectionem,
456 1647 546 1727 quasi
569 1647 776 1736 satisfaciens
800 1664 862 1710 nou
885 1647 974 1728 quasi
995 1647 1169 1729 ignoscens.
1206 1649 1238 1709 et
1261 1650 1369 1710 tamen

225 1752 422 1814 dilectionem
454 1751 559 1830 audio,
591 1769 652 1815 non
676 1751 999 1816 communicationem.
1046 1750 1126 1832 quod
1151 1755 1183 1814 et
1205 1751 1246 1814 ad
1271 1751 1369 1815 Thes-

226 1855 448 1918 salonicenses:
475 1857 505 1918 si
529 1856 611 1936 quis
635 1859 758 1919 autem
782 1873 853 1919 non
877 1854 1030 1919 obaudit
1052 1855 1216 1918 sermoni
1240 1859 1369 1918 nostro

225 1978 288 2040 per
319 1959 532 2040 epistolam,
563 1959 660 2022 hunc
690 1963 818 2022 notate
851 1977 915 2022 neo
946 1959 1267 2023 commisceamini
1295 1960 1367 2038 illi,

187 2114 191 2126 .
225 2066 266 2125 ut
298 2067 529 2143 reuereatur,
564 2081 635 2126 non
670 2065 776 2144 quasi
807 2064 997 2126 inimicum
1028 2064 1272 2144 deputantes,
1307 2063 1368 2127 sed

225 2167 333 2249 quasi
354 2168 510 2231 fratrem
532 2168 786 2250 obiurgantes.
825 2168 901 2231 adeo
917 2168 1071 2250 potuisset
1094 2168 1195 2231 dicere
1219 2171 1252 2231 et
1275 2168 1367 2232 forni-

226 2273 323 2335 catori
353 2272 549 2336 dilectionem
573 2273 765 2336 solummodo
787 2290 983 2352 concessam,
1014 2289 1076 2335 nou
1100 2276 1133 2334 et
1154 2273 1367 2336 communica-

225 2377 353 2456 tionem,
376 2377 493 2439 inoesto
517 2393 591 2439 uero
615 2395 672 2439 uec
695 2376 904 2455 dilectionem,
929 2395 1021 2457 quem
1039 2375 1157 2439 scilicet
1175 2376 1291 2439 auferri
1305 2377 1366 2439 ius-

226 2481 319 2543 sisset
342 2480 379 2543 de
402 2480 504 2544 medio
529 2481 682 2562 ipsorum,
714 2481 813 2544 multo
837 2481 936 2563 magis
960 2481 1067 2560 utique
1090 2480 1127 2542 de
1151 2481 1269 2544 animo.
1315 2480 1364 2543 sed

225 2585 400 2664 ue1·ebatm·,
425 2604 463 2648 ne
486 2585 704 2648 fraudarentur
728 2603 746 2647 a
770 2587 878 2647 satana
902 2585 984 2647 cirea
1008 2585 1072 2647 eius
1095 2602 1250 2666 personae
1275 2585 1365 2648 amis-

225 2691 353 2768 sionem,
377 2708 471 2770 quem
495 2693 623 2753 satanae
647 2690 713 2771 ipse
736 2690 917 2771 proiecerat,
942 2692 996 2752 aut
1019 2707 1058 2752 ne
1075 2688 1270 2752 abundantia
1285 2707 1364 2751 mao-

224 2795 302 2857 roris
327 2794 534 2873 decoraretur,
559 2813 652 2875 quem
675 2795 706 2856 in
730 2794 893 2857 interitum
916 2793 1018 2856 earnis
1035 2793 1204 2856 addixerat.
1240 2794 1291 2856 hic
1306 2794 1362 2856 iam

226 2899 325 2962 carnis
356 2899 517 2961 interitum
543 2899 574 2960 in
598 2897 735 2961 officium
758 2898 968 2980 paenitentiae
991 2897 1256 2979 interpretantur,
1288 2896 1361 2979 quod

226 3003 366 3065 uideatur
396 3002 517 3066 ieiuniis
549 3006 579 3065 et
609 3001 751 3065 sordibus
782 3005 812 3065 et
843 3002 963 3065 incuria
985 3002 1070 3065 onmi
1093 3004 1124 3065 et
1146 3001 1254 3065 dedita
1278 3017 1362 3084 opera

188 3132 199 3168 s
227 3107 328 3169 malae
357 3106 551 3169 tractationis
582 3124 707 3169 carnem
739 3105 972 3169 exterminando
1004 3105 1081 3168 satis
1104 3106 1162 3169 deo
1185 3106 1304 3185 facere,
1332 3107 1362 3166 ut

227 3229 263 3272 ex
285 3210 343 3273 hoc
366 3213 624 3292 argumententur
640 3210 876 3290 fornicatorem,
900 3210 997 3272 immo
1020 3209 1176 3272 incestum
1200 3210 1291 3274 illum
1307 3225 1360 3271 non

226 3315 258 3377 in
288 3314 491 3396 perditionem
515 3318 644 3377 satanae
669 3314 706 3377 ab
731 3315 870 3396 apostolo
893 3314 1056 3393 traditum,
1088 3313 1198 3377 sedin
1223 3313 1361 3378 emenda-

227 3418 354 3498 tionem,
379 3418 468 3500 quasi
490 3422 598 3500 postea
620 3418 747 3481 ueniam
762 3417 800 3481 ob
818 3418 977 3481 interitum
992 3417 1024 3480 id
1040 3420 1089 3480 est
1105 3417 1360 3481 conflictationem

228 3523 327 3585 carnis
359 3527 613 3601 consecuturum,
644 3522 737 3604 igitur
761 3524 793 3584 et
815 3525 1026 3585 consecutum.
1072 3521 1165 3603 plane
1188 3521 1275 3584 idem
1297 3537 1361 3602 apo·

228 3627 325 3690 stolus
348 3627 568 3709 Hymenaeum
593 3629 622 3688 et
644 3625 858 3689 Alexandrum
882 3628 1009 3688 satanae
1033 3625 1175 3704 tradidit,
1204 3629 1241 3688 ut
1264 3641 1361 3689 emen-

333 3789 376 3857 13]
396 3792 411 3843 2
431 3788 521 3841 Thess.
534 3790 560 3852 3,
575 3789 607 3842 14
619 3803 674 3855 sqq.
728 3787 773 3855 30]
793 3786 826 3840 cf.
848 3791 860 3841 1
881 3786 949 3840 Tim.
965 3789 987 3850 1,
1000 3789 1041 3842 20.

273 3936 385 4004 linque
404 3952 465 3988 eum
486 3937 547 3990 Gal:
565 3934 594 3987 iu
612 3950 678 4002 quae
698 3950 758 3987 cum
776 3936 803 3987 B
890 3937 905 3987 3
924 3937 973 3987 tua
990 3934 1047 3986 ouis
1068 3934 1131 3988 oet:
1153 3935 1201 3986 tua
1220 3933 1314 3988 domus
1331 3932 1360 3999 B,

229 4025 279 4077 del.
298 4024 354 4078 Lot
424 4022 567 4076 dexiliant
585 4022 641 4075 Lot
712 4021 852 4075 bincesto
871 4024 996 4074 onustam
1014 4024 1069 4074 tam
1090 4020 1154 4074 Gal:
1176 4020 1281 4074 incestu
1303 4034 1361 4072 onus

229 4114 335 4163 tantum
353 4112 381 4163 Β
451 4108 636 4176 llegitimum
659 4109 723 4162 Urs:
745 4107 865 4175 legatum
883 4110 918 4175 B,
941 4107 1055 4176 legalem
1077 4107 1203 4162 oehlerus·
1274 4111 1290 4162 9
1312 4121 1362 4159 exe·

230 4197 317 4265 gerit?
343 4198 405 4251 Gal:
428 4196 551 4264 exigeres.
575 4197 602 4248 B
674 4198 705 4249 10
730 4194 800 4246 ultro
823 4196 874 4250 Urs
945 4197 977 4249 23
1004 4194 1143 4247 interitum
1169 4194 1234 4248 Gal:
1260 4193 1362 4247 interitu

231 4301 308 4350 quem
326 4285 354 4336 B
416 4286 449 4337 25
468 4281 554 4335 facere
576 4282 638 4335 Gal:
656 4280 755 4334 faceret
773 4283 800 4334 Β
858 4279 1363 4336 2911111111]01110111111113

231 4373 263 4423 30
282 4370 433 4422 himeneum
454 4371 480 4423 B
533 4367 738 4422 emendarentur
758 4367 822 4421 Gal:
840 4368 910 4420 enim
930 4367 1058 4422 darentur
1075 4368 1102 4422 Β
