2820 4914
446 383 477 436 X.
497 382 541 434 De
560 381 665 434 anima
686 383 794 436 11-13.
1125 385 1186 448 317

44 568 141 633 titulo
165 565 310 647 segregat
334 560 372 624 ab
396 559 519 623 animae
543 557 763 622 commixtione
787 559 818 621 et
841 560 946 621 tanuen
966 558 1099 623 eundem
1115 560 1188 624 alibi

46 674 174 738 animae
208 667 331 732 addicit.
377 665 435 728 hoc
466 664 560 728 etiam
587 662 772 727 Aristoteles
804 664 976 743 denotauit,
1011 665 1115 729 nescio
1150 684 1189 730 an

47 796 106 842 sua
130 773 267 858 paratior
289 770 419 852 implere
443 786 538 850 quam
561 768 663 847 aliena
686 768 814 831 inanire.
850 768 981 849 denique
1005 773 1036 832 et
1055 768 1121 852 ipsc
1138 769 1190 832 de-

47 881 225 946 finitionem
248 875 345 941 animi
368 893 440 938 oum
472 873 624 953 differret,
655 872 781 937 iuterim
810 873 943 937 alterurn
972 874 1068 938 auirui
1091 894 1189 958 genus

48 984 275 1072 pronuntiauit,
297 982 387 1045 illurn
403 979 554 1060 diuinum,
578 997 671 1060 quem
692 997 799 1043 rursus
824 982 855 1043 et
875 979 1100 1062 impassibilem
1117 980 1190 1045 sub·
1228 1010 1241 1051 a

49 1091 219 1158 ostendens
250 1085 379 1151 abstulit
409 1088 440 1148 et
469 1085 573 1166 ipsum
605 1102 622 1147 a
653 1083 806 1148 consortio
834 1084 966 1148 animae.
1013 1104 1083 1149 oum
1107 1086 1190 1149 enirn

51 1198 193 1262 animam
222 1190 403 1276 passibilem
434 1192 555 1253 constet
587 1207 694 1253 eorum
720 1207 799 1270 quae
823 1190 933 1254 sortita
957 1192 1005 1254 est
1027 1191 1107 1273 pati,
1138 1195 1191 1255 aut

51 1322 108 1386 per·
139 1299 279 1364 animum
311 1299 342 1360 et
371 1313 442 1359 curu
473 1294 576 1357 animo
603 1293 754 1375 patietur,
786 1294 812 1357 si
836 1299 979 1359 concreta
1003 1299 1049 1359 est
1072 1295 1189 1360 auimo:

52 1426 118 1472 non
139 1403 254 1487 poterit
276 1401 397 1465 animus
420 1398 611 1482 inpassibilis
634 1398 752 1462 induci:
777 1403 831 1463 aut
854 1399 881 1463 si
904 1417 965 1464 non
981 1419 1035 1484 per·
1051 1400 1191 1464 animum

53 1530 113 1576 nec
136 1528 207 1573 curn
230 1507 332 1571 animo
355 1505 490 1588 patietur
514 1504 629 1584 anima,
653 1522 715 1568 uon
732 1504 790 1568 erit
806 1508 950 1570 concreta
965 1505 1020 1586 illi,
1044 1524 1114 1570 curu
1131 1525 1191 1588 quo
1219 1535 1244 1574 ιο

57 1615 134 1680 nihil
164 1618 207 1678 ot'
224 1612 277 1694 qui
308 1611 386 1676 nihil
416 1609 544 1693 patitur.
591 1626 680 1692 porro
712 1610 738 1673 si
768 1609 845 1673 nihil
875 1610 1042 1694 perillum
1066 1614 1191 1675 etcum

58 1723 111 1785 illo
133 1718 238 1782 anima
260 1716 404 1800 patietur,
430 1715 494 1778 iarn
518 1732 574 1779 neo
598 1715 711 1778 sentiet
734 1732 790 1778 nec
814 1716 914 1798 sapiet
937 1735 993 1780 nec
1016 1716 1192 1781 monebitur

57 1844 113 1909 per
141 1824 239 1902 illum,
269 1825 304 1884 ut
332 1821 451 1885 uolunt.
497 1837 571 1884 narn
602 1823 633 1884 et
658 1839 769 1884 sensus
793 1820 953 1903 passiones
977 1821 1051 1886 facit
1073 1821 1192 1887 Aristo-

59 1930 146 1994 teles.
192 1926 317 2009 quidni?
341 1930 372 1990 et
394 1925 509 1990 sentiro
533 1925 617 1990 enim
641 1926 706 2008 pati
730 1929 786 2006 est,
814 1929 887 2008 quia
909 1927 974 2009 pati
997 1927 1111 1992 sentire
1135 1931 1191 1993 cst.

10 2043 46 2097 ur
59 2033 186 2119 proinde
210 2036 241 2096 et
264 2049 370 2114 sapere
394 2031 508 2095 sentire
531 2034 580 2095 est
603 2033 635 2095 et
657 2032 776 2096 moueri
800 2033 914 2097 sentire
931 2036 988 2113 ost,
1010 2032 1013 2119 l
1034 2033 1077 2097 ita
1092 2035 1192 2098 toturn
1221 2059 1245 2100 ro

60 2141 125 2225 pati
155 2142 211 2203 est.
255 2137 397 2201 uidemus
428 2140 534 2200 autem
564 2137 643 2201 nihil
673 2138 804 2202 istorum
835 2139 971 2203 animam
1003 2139 1133 2222 experiri
1159 2142 1194 2203 ut

60 2265 122 2311 uon
146 2248 176 2308 et
198 2243 299 2307 animo
321 2243 496 2326 deputetur,
520 2242 594 2325 quia
616 2262 671 2328 per
692 2243 782 2308 illum
799 2249 830 2308 et
847 2263 917 2308 cum
934 2245 985 2310 illo
1001 2246 1192 2330 transigitur.

59 2353 122 2415 iam
146 2366 217 2432 ergo
241 2351 271 2412 et
293 2346 524 2412 commiscibilis
549 2351 597 2412 est
620 2349 744 2413 animus
768 2349 918 2415 aduersus
934 2350 1140 2435 Anaxagoran
1164 2354 1195 2414 et

60 2454 215 2539 passibilis
239 2453 386 2518 aduersus
408 2452 609 2518 Aristotelen.
645 2459 785 2520 ceterum
808 2457 834 2520 si
851 2456 994 2521 discretio
1011 2457 1193 2535 admittitur,

14 2590 17 2598 ·
61 2565 98 2625 ut
119 2559 293 2624 substantia
314 2559 392 2624 duae
414 2577 464 2622 res
488 2559 560 2640 sint,
585 2560 709 2625 animus
734 2565 827 2645 atque
851 2563 965 2644 anima,
989 2563 1115 2627 alterius
1139 2562 1197 2626 erit
1222 2590 1248 2629 20

64 2671 96 2732 et
117 2664 219 2750 passio
243 2667 275 2728 et
295 2683 403 2729 sensus
427 2667 458 2728 et
481 2682 571 2749 sapor
595 2667 696 2731 omnis
721 2671 752 2732 et
776 2672 863 2733 actus
887 2673 918 2734 et
933 2672 1046 2749 motus,
1071 2667 1195 2733 alterius

64 2775 170 2838 autem
199 2770 294 2835 otium
324 2775 354 2835 et
383 2770 469 2853 quies
501 2776 532 2836 et
561 2775 669 2857 stupor
700 2777 732 2838 et
755 2775 841 2840 nulla
863 2775 927 2840 ianr
949 2793 1056 2854 causa,
1089 2778 1120 2838 et
1143 2778 1197 2838 aut

65 2878 186 2943 animus
222 2876 345 2941 uacabit
380 2880 434 2942 aut
467 2877 581 2942 anima.
635 2880 746 2962 quodsi
779 2885 902 2947 constat
935 2881 1086 2947 ambobus
1120 2881 1197 2944 haec

66 2983 170 3048 omnia
197 2981 345 3064 reputari,
376 3000 448 3068 ergo
479 3003 577 3049 unum
609 2990 701 3050 erunt
731 2989 915 3071 utrumque,
946 2992 977 3054 et
999 2987 1196 3052 Democritus

66 3085 215 3153 obtinebit
243 3085 448 3153 differemiam
478 3090 606 3171 tollens,
642 3095 674 3157 et
704 3098 884 3176 quaeretur,
915 3094 1069 3177 quomodo
1100 3112 1249 3158 nnuma

68 3196 245 3275 utrumque,
275 3211 310 3256 ex
339 3194 470 3258 duarum
500 3196 749 3264 substantiarum
781 3201 961 3267 confusione
985 3220 1024 3266 an
1048 3219 1083 3264 er
1107 3200 1197 3264 unius

69 3297 272 3381 dispositione.
306 3316 361 3364 nos
383 3302 489 3365 autem
505 3303 646 3368 animum
663 3305 708 3371 ita
724 3307 855 3372 dicimus
871 3308 993 3373 animae
1009 3310 1197 3384 concretum,

70 3420 130 3466 non
151 3404 187 3466 ut
208 3401 380 3470 substantia
401 3406 509 3490 alium,
533 3409 588 3474 sed
610 3414 647 3475 ut
669 3413 863 3479 substantiae
888 3413 1033 3479 officium.

114 3507 161 3572 13.
184 3506 233 3573 Ad
260 3507 319 3574 hoc
347 3510 498 3596 dispicere
529 3522 671 3601 superest
697 3520 912 3604 principalitas
935 3519 988 3585 ubi
1011 3519 1065 3601 sit,
1096 3518 1197 3582 idest

72 3613 142 3695 quid
175 3613 222 3677 cui
249 3619 383 3699 praeest,
413 3622 449 3683 ut
478 3621 566 3687 cuius
597 3625 812 3711 principalitas
845 3625 1037 3712 apparuerit,
1071 3625 1125 3690 illa
1156 3623 1195 3688 sit
1222 3649 1248 3688 oo

171 3732 198 3803 2]
215 3733 247 3790 cf.
259 3734 367 3792 anatot.
381 3737 413 3793 de
431 3741 511 3797 anim,
525 3743 575 3800 12.
631 3748 675 3818 13]
695 3748 728 3803 cf.
742 3748 852 3803 Aristot
865 3749 882 3803 l.
897 3766 917 3803 c.
931 3748 944 3802 I
957 3752 980 3805 5,

115 3841 126 3894 1
145 3837 235 3893 titulos
251 3840 277 3896 A
345 3846 528 3902 commistione
546 3852 574 3905 Β
644 3858 660 3909 2
679 3855 784 3909 animae
803 3854 905 3909 addicit
922 3854 990 3924 nup:
1013 3852 1100 3906 uuirna
1118 3850 1197 3904 odioit

74 3925 179 3994 (aedicit
193 3928 232 3996 A)
241 3929 303 3999 AB,
321 3931 435 3988 animam
454 3936 535 3991 edicit
549 3938 599 3996 Get
653 3943 796 3998 aristotiles
809 3946 835 3999 A
854 3945 893 4000 aio
910 3959 1011 4013 semper
1063 3945 1079 3995 3
1097 3939 1197 3993 iuuuiu¹

74 4014 177 4084 ΑΒΜ,
194 4013 314 4071 damnare
332 4020 359 4075 Β
411 4022 533 4094 dipsum
551 4030 665 4101 scripsi:
684 4032 738 4102 ipsc
758 4050 817 4087 corn
837 4033 892 4088 AB
945 4034 1026 4085 lout
1043 4045 1089 4099 per
1107 4028 1197 4084 oausl

74 4101 261 4170 8patiaturA
312 4109 444 4178 {lpotcrit
462 4116 497 4181 A,
516 4121 605 4185 potest
623 4121 650 4174 Β
705 4125 737 4177 lo
756 4138 804 4174 uec
823 4139 881 4175 curu
902 4121 936 4189 Β,
956 4136 1048 4173 nouum
1068 4119 1094 4173 Λ
1152 4133 1196 4185 ll·

74 4189 155 4242 llatur
174 4191 200 4244 A
265 4207 316 4262 quo
342 4197 405 4254 Ura:
426 4216 480 4269 qua
501 4205 557 4258 AB
630 4211 659 4264 11
681 4210 725 4278 qui
749 4212 813 4265 tlon:
836 4210 876 4265 oui
896 4210 958 4276 ΛΒ,
982 4224 1027 4277 por
1045 4222 1122 4276 ‹prour
1142 4206 1197 4259 lua

75 4279 105 4332 17
123 4277 317 4346 transigaturA
371 4287 403 4343 18
417 4287 601 4360 Anaxagoram
616 4297 643 4350 Β
699 4298 915 4354 ltthristotolom
929 4298 955 4353 Β
1008 4290 1197 4351 dssrrouuble

73 4366 107 4420 29
125 4363 250 4433 despicere
266 4371 292 4424 A
344 4374 378 4429 30
395 4377 471 4448 quid]
489 4381 534 4448 qui
554 4384 582 4437 Β
1075 4368 1332 4646 n
