2820 4914
428 398 462 452 ll.
482 398 526 450 De
545 397 739 450 idololatria
756 399 867 452 22-24.
1167 394 1206 459 57

70 574 170 658 plane
192 573 272 638 effici
296 572 435 637 cauendo
458 573 539 655 quod
563 591 625 637 non
648 573 733 636 facis.
772 576 878 637 tamen
901 590 963 636 non
986 572 1109 656 negaui,
1138 571 1210 653 quia

73 697 142 742 non
171 678 280 743 iuraui.
326 678 401 760 quin
431 678 539 758 immo,
570 678 629 742 etsi
657 677 732 741 nihil
763 677 826 741 tale
856 677 994 757 fecisses,
1028 677 1071 741 sic
1101 680 1208 741 tamen

75 783 223 847 dicereris
245 783 393 863 deierare,
416 782 527 846 fecisse
552 783 577 846 si
600 783 801 847 consenseris.
840 800 902 845 non
924 781 1010 845 ualet
1032 782 1128 845 tacita
1150 800 1209 846 uox

75 888 110 951 in
136 888 204 952 stilo
227 890 259 951 et
284 891 389 952 mutus
417 888 450 951 in
477 887 589 951 litteris
618 903 721 950 sonus.
782 889 814 950 at
837 887 919 950 euim
942 886 1106 950 Zacharias
1129 889 1209 950 tem·

76 993 177 1075 porali
198 992 282 1056 uocis
305 991 463 1056 orbatione
486 992 635 1055 multatus
659 1010 729 1054 cum
753 992 855 1055 animo
872 991 1051 1055 conlocutus
1067 990 1208 1074 linguam
1248 1015 1261 1056 5

76 1097 206 1160 imitam
233 1096 355 1176 transit,
386 1114 457 1159 cum
485 1094 630 1158 manibus
658 1095 722 1159 suis
751 1113 769 1158 a
796 1095 886 1159 corde
913 1096 1010 1159 dictat
1037 1098 1068 1159 et
1094 1112 1208 1159 nomen

76 1200 135 1264 filii
149 1200 215 1264 sine
231 1218 282 1264 ore
297 1200 490 1282 pronuntiat:
514 1200 649 1281 loquitur
664 1200 696 1262 in
713 1199 795 1280 stilo,
820 1199 943 1264 auditur
958 1200 990 1263 in
1007 1217 1077 1263 cera
1096 1217 1208 1263 manus

77 1304 165 1369 omni
186 1322 260 1368 sono
283 1295 411 1384 clarior,¹
425 1304 531 1368 littora
547 1304 632 1368 omni
648 1321 701 1367 ore
716 1305 859 1368 uocabor.
898 1322 1019 1385 quaere,
1044 1322 1083 1367 an
1098 1303 1209 1368 dixerit

77 1409 133 1491 qui
152 1408 263 1473 dixisse
286 1411 462 1489 compertus
486 1410 542 1472 661.
581 1408 743 1472 dominum
763 1427 896 1488 oremus,
920 1427 959 1472 ne
975 1426 1037 1490 qua
1052 1427 1108 1473 nos
1129 1408 1209 1472 eius·

77 1513 163 1576 modi
185 1515 361 1576 contractus
384 1513 554 1576 necessitas
578 1512 786 1576 circumsistat
809 1516 850 1592 61,
874 1512 900 1575 61
922 1514 966 1576 116
985 1512 1134 1593 emnerii,
1158 1513 1209 1577 det
1236 1537 1261 1577 10

76 1616 225 1680 fratribus
248 1616 393 1698 operandi
416 1616 536 1698 copiam
559 1617 610 1680 uel
633 1616 722 1680 nobis
739 1616 970 1697 abrumpendae
986 1617 1085 1680 omnis
1102 1635 1209 1681 neces·

77 1721 179 1785 sitatis
210 1721 427 1800 constantiam,
458 1739 496 1783 ne
526 1721 598 1785 illae
628 1721 751 1785 litterae
779 1721 953 1804 negatrices
984 1721 1118 1785 uicariae
1148 1722 1208 1786 oris

77 1825 175 1889 nostri
200 1826 233 1888 in
260 1825 308 1888 die
335 1825 439 1888 iudicii
467 1825 616 1889 aduersus
643 1844 699 1890 nos
726 1826 923 1907 proferantur
946 1826 1086 1909 signatae
1111 1826 1208 1910 signis

76 1948 139 1994 non
161 1929 225 1992 iam
248 1928 477 2010 aduocatorum,
502 1931 556 1993 sed
579 1930 769 2013 angelorum.

119 2031 172 2097 24.
203 2032 290 2097 Inter
316 2034 372 2097 hos
400 2034 542 2116 scopulos
571 2037 602 2097 et
629 2034 725 2114 sinus,
752 2035 834 2098 inter
860 2034 937 2098 haec
963 2034 1044 2098 uada
1072 2037 1103 2098 et
1127 2034 1208 2099 freta
1235 2059 1259 2100 15

75 2138 267 2203 idololatriae
294 2137 451 2202 uelificata
477 2139 586 2220 spiritu
613 2138 662 2202 dei
688 2137 764 2202 fides
792 2138 930 2222 nauigat,
960 2142 1027 2202 tuta
1055 2139 1080 2202 si
1107 2142 1208 2221 cauta,

77 2259 187 2306 secura
210 2242 238 2305 si
265 2242 405 2306 attonita.
472 2247 610 2306 ceterum
638 2242 828 2307 inenatabile
856 2243 992 2307 excussis
1019 2243 1207 2324 profundum

76 2350 134 2426 est,
150 2344 363 2410 inextricabile
377 2346 510 2431 inpactis
526 2347 725 2431 naufragium
745 2350 800 2427 est,
824 2347 1037 2429 inrespirabile
1054 2347 1207 2412 decoratis

74 2450 322 2534 hypobrychium
345 2451 377 2514 in
400 2451 582 2516 idololatria.
629 2453 813 2533 quicumque
837 2451 949 2515 fluctus
973 2452 1039 2515 eius
1063 2452 1206 2533 offocant,

75 2555 178 2620 omnis
201 2557 309 2619 uertex
332 2555 396 2618 eius
421 2556 459 2619 ad
481 2556 595 2620 inferos
619 2555 773 2620 desorbet.
812 2574 904 2620 nemo
928 2556 1023 2620 dicat:
1048 2557 1117 2637 quis
1140 2559 1206 2620 tam
1233 2581 1259 2621 66

73 2663 143 2724 1616
165 2659 385 2741 praecauebit?
416 2661 589 2723 exeundum
613 2660 650 2723 de
674 2661 795 2725 saeculo
819 2661 886 2725 erit.
933 2661 1021 2742 quasi
1043 2679 1105 2724 non
1127 2661 1207 2724 tanti

73 2765 118 2829 sit
141 2764 232 2843 exire,
256 2781 349 2845 quam
372 2764 554 2829 idololatren
576 2767 608 2828 in
632 2766 754 2830 saeculo
778 2768 869 2828 stare.
908 2765 987 2829 nihil
1003 2783 1070 2828 esse
1086 2764 1206 2829 facilius

71 2870 189 2952 potest,
219 2885 313 2949 quam
336 2868 436 2932 cautio
464 2868 665 2950 idololatriae,
697 2870 723 2932 si
753 2869 844 2934 timor
875 2869 939 2933 eius
967 2869 1126 2951 incapite
1155 2869 1205 2933 sit.

73 2989 288 3054 quaecumque
319 2973 486 3036 necessitas
517 2974 618 3038 minor
649 2978 696 3038 661
729 2975 864 3056 periculo
897 2977 984 3038 tanto
1018 2977 1204 3056 comparata.

71 3079 238 3160 propterea
268 3076 393 3157 spiritus
424 3081 549 3141 sanctus
577 3078 826 3142 consultantibus
854 3082 930 3143 tunc
960 3079 1108 3161 apostolis
1136 3079 1206 3142 uin·
1232 3103 1257 3143 25

72 3180 180 3244 culum
215 3183 246 3244 61
277 3180 385 3263 iugum
419 3181 508 3245 nobis
541 3183 701 3263 relaxauit,
736 3185 772 3246 ut
801 3183 991 3247 idololatriae
1022 3184 1205 3248 deuitandae

71 3302 267 3350 necaremus.
333 3285 410 3348 haec
438 3286 496 3350 erit
521 3287 570 3351 lex
598 3291 718 3367 nostra,
746 3304 805 3368 quo
834 3288 974 3370 expedita
999 3289 1057 3352 hoc
1083 3288 1205 3370 plenius

72 3388 334 3470 administranda,
362 3390 485 3472 propria
512 3389 772 3472 Christianorum,
803 3410 979 3474 perquam
1007 3392 1044 3456 ab
1074 3392 1205 3456 ethnicis

177 3562 206 3631 4]
226 3560 258 3616 cf.
272 3561 335 3616 Luc.
350 3564 426 3628 1‚ao.
441 3565 474 3618 62
487 3580 524 3632 sq.

117 3738 130 3791 1
151 3734 224 3789 facis.
243 3735 344 3789 Tamen
358 3737 421 3792 (161·
438 3736 502 3792 facit
519 3741 609 3792 tamen
621 3740 648 3794 Β
700 3742 716 3793 2
734 3739 798 3807 quin
810 3740 892 3794 immo
904 3742 1015 3810 scripsi:
1032 3741 1158 3809 quoniam
1170 3744 1205 3810 Β,

70 3821 155 3876 lmmo
181 3823 237 3891 (161,
259 3822 386 3890 quinam?
408 3826 549 3880 Hortelc'cs
620 3826 656 3879 sic
682 3826 819 3882 Oeblercs:
842 3827 865 3880 si
885 3828 920 3895 Β,
943 3829 991 3883 dcl.
1008 3828 1057 3883 Gal
1131 3829 1205 3883 adi-

71 3909 139 3962 66616
152 3911 208 3964 lucc
260 3908 352 3964 fecisse
370 3911 419 3965 6161.
436 3911 485 3966 (161
537 3915 632 3967 deum
648 3913 786 3968 Oeblcros:
804 3930 861 3966 cam
875 3915 911 3982 B,
930 3914 1051 3979 6161661,
1070 3915 1123 3969 iarn
1141 3919 1203 3984 sort.

71 3999 195 4052 lmanus
210 3996 274 4052 (161·
292 4012 373 4050 manu
391 3999 417 4052 Β
473 4002 490 4056 8
508 3999 602 4052 clarior
623 4001 685 4056 (161·
703 4000 847 4054 conclarior
859 4003 885 4055 Β
940 4004 972 4056 10
993 4001 1038 4055 det
1052 4002 1115 4057 (161·
1133 4002 1164 4056 de
1177 4004 1205 4056 Β

71 4085 103 4138 11
123 4082 250 4151 operandi
269 4084 371 4152 copiam
391 4085 453 4141 (161·
471 4085 611 4154 operandis
630 4087 704 4154 copia
722 4089 749 4141 B
802 4088 1030 4142 recensendam
1054 4090 1116 4144 (161·
1143 4104 1204 4141 con·
1231 4123 1233 4130 ·

70 4169 170 4223 stantia
192 4172 219 4224 Β
290 4171 454 4240 1816666116
475 4173 683 4241 (161·16666116
703 4175 729 4228 Β
799 4174 984 4243 inrespcrabile
1008 4177 1043 4242 Β,
1066 4192 1131 4231 corr.
1155 4176 1204 4230 (161

71 4258 103 4311 19
122 4255 307 4325 hypobricium
318 4258 354 4325 Β,
377 4276 443 4314 corr.
459 4259 509 4314 (161
560 4262 594 4315 20
610 4277 647 4329 sq.
666 4259 807 4313 iamtutus
820 4262 875 4315 1666
927 4263 960 4315 23
973 4261 1008 4315 611
1022 4262 1084 4316 (161·
1102 4263 1203 4316 6661Β

70 4344 104 4398 24
124 4346 274 4414 comparato
293 4345 328 4415 Β,
347 4362 413 4401 corr.
429 4346 478 4401 (161
533 4348 567 4404 28
585 4345 766 4402 Christianum
784 4349 819 4416 B,
838 4365 904 4404 corr.
920 4348 969 4404 (161
