2820 4914
447 399 523 452 vm.
543 399 586 452 ne
604 397 767 466 pudicitia
787 399 894 452 io-iu.
1179 396 1240 460 aiu

129 575 154 635 et
176 595 231 642 uos
261 579 437 658 reputate
468 574 719 655 nosmetipsos
754 576 918 636 mortuos
949 573 1097 653 quidem
1128 573 1243 636 delin-

128 683 295 760 quentiae,
331 680 506 743 uiuentes
544 680 668 740 autem
699 677 763 740 deo
794 697 857 759 per
888 677 1078 740 Christum
1108 677 1241 740 Iesum.

127 778 199 862 igitur
224 785 325 849 semel
349 784 473 847 Christo
497 786 619 845 mortuo
643 799 734 844 nemo
761 785 875 863 potest,
908 781 960 862 qui
989 785 1060 864 post
1083 780 1243 845 Christum

127 894 254 970 mortuus,
279 887 521 969 delinquentiae,
546 890 578 948 et
600 886 734 948 manime
758 889 874 964 tantae,
889 885 1098 949 'reuiuiscere
1137 889 1192 948 aut
1218 884 1244 948 si

125 995 202 1067 possit
221 993 384 1057 fornicatio
408 994 440 1054 et
463 990 603 1053 moechia
626 990 726 1053 denuo
750 989 884 1069 admitti,
910 990 1023 1072 poterit
1045 994 1077 1053 et
1101 988 1243 1053 Christus
1283 1013 1296 1052 a

125 1090 204 1162 denuo
225 1097 316 1161 mori.
355 1097 454 1159 instat
477 1099 583 1158 autem
605 1094 764 1177 apostolus
794 1093 961 1176 prohibens
992 1112 1123 1181 regnare
1146 1095 1244 1157 delin-

123 1203 265 1274 quentiam
287 1202 320 1265 in
343 1218 470 1282 corpore
493 1202 599 1262 nostro
623 1198 758 1277 mortali,
789 1198 876 1261 ouius
904 1197 1118 1261 infirmitatem
1142 1199 1246 1261 earnis

121 1311 241 1370 uouerat.
282 1306 365 1369 sieut
396 1304 480 1367 enim
510 1303 692 1366 exhibuistis
716 1301 859 1365 membra
881 1305 989 1366 uestra
1017 1303 1164 1365 famulari
1186 1303 1250 1364 ima

119 1411 274 1474 munditiae
298 1412 329 1472 et
351 1407 519 1489 iniquitati,
550 1407 595 1470 ita
617 1410 649 1469 et
671 1425 754 1469 nuno
777 1405 919 1469 exhibete
942 1425 980 1470 ea
1008 1407 1127 1470 famula
1156 1407 1245 1470 iusti·

115 1505 169 1573 lieo
189 1516 219 1578 in
242 1512 495 1578 sanctimoniam.
534 1529 608 1574 nam
632 1511 691 1574 etsi
713 1510 854 1574 hahitare
876 1510 995 1573 bonum
1017 1512 1050 1573 in
1072 1529 1165 1574 earne
1188 1529 1246 1574 sua
1272 1533 1297 1571 lo

109 1619 245 1698 negauit,
270 1618 325 1681 sed
348 1616 521 1680 seeundum
543 1616 646 1698 legem
668 1615 808 1695 litterae,
830 1615 863 1677 in
886 1633 948 1695 qua
969 1615 1045 1694 fuit,
1073 1615 1245 1678 seeundum

104 1721 211 1786 autem
232 1723 338 1806 legem
361 1721 504 1803 spirituo,
535 1720 584 1782 oui
607 1737 663 1782 nos
688 1719 839 1798 annectit,
865 1718 979 1782 liberat
1001 1719 1040 1782 ah
1063 1719 1245 1783 infirmitate

99 1825 217 1890 earnis.
263 1827 322 1889 lex
353 1826 465 1903 enim,
497 1824 613 1904 inquit,
645 1823 804 1905 spiritus
835 1823 935 1886 uitae
966 1824 1184 1887 manumisit
1210 1828 1245 1886 te

94 1927 112 1972 ὃ
152 1927 235 2014 lege
265 1928 549 2009 delinquentiae
581 1931 617 1990 et
646 1927 785 1990 mortis.
831 1927 904 1990 lieet
934 1928 1016 1990 enim
1040 1931 1186 2008 exparte
1210 1946 1246 1989 ex

87 2011 263 2098 Illdaismo
287 2033 446 2114 disputare
469 2031 621 2111 uideatur,
645 2032 755 2094 sedin
778 2048 834 2094 nos
858 2031 964 2114 dirigit
986 2031 1198 2114 integritatem
1215 2035 1247 2095 et
1273 2061 1298 2100 1⁵

86 2120 333 2202 plenitudinem
356 2136 602 2217 disciplinarum,
625 2139 751 2218 propter
766 2153 842 2216 quos
865 2135 1084 2198 laborantes
1106 2135 1144 2198 in
1163 2136 1246 2218 lege

86 2238 254 2308 [lliserit
282 2243 371 2305 deus
397 2260 461 2323 per
489 2259 636 2304 earnem
658 2241 783 2303 filium
806 2258 912 2302 suum
935 2240 972 2302 in
996 2240 1247 2303 similitudine

86 2342 229 2413 sturnis
258 2346 559 2427 delinquentiae,
591 2349 627 2408 et
649 2348 799 2426 propter
825 2344 1124 2424 delinquentiam
1151 2345 1247 2408 dam-

87 2447 255 2518 nauerit
284 2450 582 2532 delinquentiam
609 2450 794 2528 incarne,
825 2447 879 2510 uti
908 2449 965 2511 ius
995 2449 1105 2530 legis,
1135 2449 1247 2530 inquit,

94 2539 327 2642 iInpleretur
358 2555 396 2617 in
419 2554 540 2633 nohiS,
571 2554 727 2634 quinon
758 2552 960 2615 seeundum
991 2571 1152 2632 earnem,
1183 2555 1247 2616 sed
1273 2582 1299 2620 20

100 2662 311 2727 secundum
345 2659 520 2742 spiritum
554 2658 771 2721 incedimus
818 2657 881 2738 qui
915 2657 1011 2720 enim
1046 2657 1247 2720 seeundum

108 2781 256 2832 earnem
279 2764 471 2843 inoedunt,
495 2780 651 2843 eaquae
674 2762 797 2825 oannis
825 2765 912 2824 sunt
931 2758 1104 2842 sapiunt,
1128 2763 1247 2842 etqui

108 2870 311 2936 seeundum
327 2868 517 2949 spiritum,
534 2885 575 2930 ea
591 2885 683 2948 quae
699 2869 787 2930 sunt
802 2866 968 2948 spiritus.
997 2884 1125 2929 sensum
1141 2869 1247 2928 autem

108 2976 208 3040 carnis
226 2977 358 3037 mortem
375 2971 552 3035 adfirmauit
568 2990 645 3050 esse,
662 2971 774 3034 dehine
790 2973 822 3032 et
835 2970 1033 3033 inimicitiam
1049 2971 1127 3033 etin
1143 2970 1247 3050 deum,

106 3084 137 3145 et
153 3097 207 3144 eos
224 3077 278 3159 qui
293 3077 414 3140 suntin
429 3094 532 3155 earne,
554 3076 586 3138 id
603 3076 698 3138 estin
714 3094 808 3138 sensu
831 3075 942 3154 carnia,
966 3074 1021 3136 deo
1044 3075 1166 3157 plaeere
1186 3093 1248 3138 non
1274 3103 1300 3144 aa

104 3202 210 3268 posse,
232 3186 272 3261 et,
288 3182 319 3244 si
334 3180 538 3244 seeundum
554 3198 702 3243 earnem
718 3179 863 3258 uiuitiS,
879 3179 989 3260 inquit,
1006 3178 1173 3242 futurum
1192 3183 1250 3243 est

103 3292 146 3353 nt
163 3285 382 3350 moriamini.
408 3285 483 3366 quid
498 3289 604 3348 autem
620 3284 830 3366 intellegimus
848 3284 949 3347 earnis
963 3302 1092 3347 sensum
1104 3287 1135 3348 et
1146 3285 1248 3348 earnis

104 3393 210 3456 uitam
227 3390 287 3453 nisi
304 3390 522 3470 quodcumque
545 3389 642 3471 pudet
663 3388 887 3470 pronuntiare?
921 3391 1024 3452 uetera
1047 3389 1131 3452 enim
1147 3390 1249 3453 earnis

104 3500 140 3562 et
164 3495 323 3578 apostolus
347 3494 548 3558 nominasset.
582 3493 710 3575 proinde
734 3497 765 3556 et
786 3493 931 3575 Ephesiis
954 3493 1086 3574 pristina
1099 3497 1248 3576 reputans

104 3602 145 3665 de
170 3601 276 3663 futuro
300 3601 421 3661 monet:
446 3596 640 3678 inquibus
664 3600 700 3660 et
723 3615 787 3660 nos
811 3597 1027 3660 oonuersati
1050 3616 1176 3661 sumus
1199 3599 1249 3661 fa·
1276 3626 1302 3664 eo

217 3805 424 3875 usquamne.
475 3804 518 3874 uo]
532 3794 596 3858 ibid
609 3807 732 3873 essqq.
780 3805 825 3873 ao]
839 3804 904 3858 iuiu.
916 3807 941 3868 e,
957 3808 996 3860 13.
1049 3804 1248 3873 aequipara.

156 4001 242 4054 luos
264 4017 315 4054 om.
333 3999 405 4052 Pom
457 3997 537 4065 3qui
555 4016 605 4053 om.
619 3999 691 4052 Pom
743 4000 890 4053 8nouerat
910 3998 972 4051 Gal:
994 3996 1112 4049 *uestrae
1132 3998 1158 4050 B
1211 3996 1250 4049 fa-

107 4087 185 4142 mula
205 4086 256 4141 oei
316 4084 488 4153 9iniquitati
506 4083 540 4137 ad
558 4085 727 4152 iniquitatem
745 4086 817 4139 Paua
883 4086 915 4139 13
933 4084 1090 4137 manumisit
1108 4086 1134 4137 te
1153 4102 1169 4136 a
1188 4085 1251 4139 oei:

107 4190 223 4229 manum
240 4173 314 4226 misit
332 4189 363 4225 ea
375 4173 401 4225 B
456 4174 488 4226 15
506 4171 641 4224 Iudaismo
657 4174 719 4227 Gel:
737 4171 838 4226 iudaeis
857 4171 935 4224 modo
948 4174 975 4225 B
1030 4174 1060 4226 17
1080 4188 1127 4239 per
1145 4188 1250 4224 earnem

107 4260 216 4317 miserit
229 4261 300 4315 Pam
353 4258 557 4312 similitudinem
575 4260 647 4314 Pom
701 4261 734 4314 24
753 4259 795 4312 dei
813 4262 840 4312 et
857 4259 886 4311 in
905 4258 984 4312 deum
1002 4262 1065 4327 fort.
1121 4257 1200 4310 deum
1220 4259 1251 4326 0,

108 4349 252 4404 dominum
269 4349 297 4402 B
349 4349 383 4402 29
402 4349 522 4414 repetens
540 4349 602 4415 fort.

163 4443 207 4484 xx.
221 4443 280 4484 ueri.
291 4441 309 4483 1.
1065 4435 1095 4484 11
