2820 4914
190 115 253 178 326
420 115 535 180 Quinti
555 116 691 184 Septimi
711 115 878 169 Florentis
897 115 1099 169 Tertulliani

189 290 279 354 nobis
311 293 342 355 in
374 292 503 356 dubium
534 312 645 356 sensus
676 293 752 356 istos
777 292 941 373 deuocare,
972 312 1012 356 na
1035 297 1067 356 et
1089 293 1123 356 in
1147 292 1263 356 Christo
1282 293 1351 354 de

189 395 249 458 fide
280 415 387 459 eorum
418 397 619 477 deliberetur,
651 418 690 460 ue
720 398 799 461 forte
830 398 949 461 dicatur
980 398 1062 479 quod
1092 398 1171 460 falso
1198 400 1349 460 satanan

188 503 392 583 prospectarit
426 502 463 565 de
499 504 584 566 caelo
617 503 857 584 praecipitatum
891 506 946 566 aut
978 502 1058 567 falso
1093 520 1203 565 uocem
1231 502 1346 583 patris

189 607 327 687 audierit
343 607 380 669 de
404 607 470 688 ipso
493 607 692 671 testificatam
708 611 761 670 aut
777 607 925 689 deceptus
942 608 992 686 sit,
1016 625 1088 669 cum
1103 608 1191 670 Petri
1206 625 1342 670 socrum

149 740 161 777 s
189 711 307 792 tetigit,
339 714 393 773 aut
424 712 519 774 alium
543 715 651 792 postea
673 712 825 794 unguenti
850 712 981 774 senserit
1004 713 1163 792 spiritum,
1195 710 1272 792 quod
1292 712 1337 775 in

189 815 384 896 sepulturam
408 834 496 878 suam
522 816 703 896 acceptauit‚
731 815 827 878 alium
851 820 959 898 postea
980 816 1048 878 uini
1071 834 1225 898 saporem,
1248 819 1333 897 quod

188 921 220 982 in
247 919 408 1002 sanguinis
433 920 480 982 sui
504 920 687 982 memoriam
710 921 913 983 consecrauit.
960 920 1005 982 sic
1028 920 1110 983 enim
1136 923 1168 983 et
1190 920 1325 986 Marcion

188 1023 376 1105 phantasma
409 1042 480 1086 eum
511 1024 622 1087 maluit
652 1025 777 1087 credere
809 1025 905 1087 totius
935 1025 1072 1106 corporis
1102 1025 1135 1086 in
1166 1015 1218 1087 illo
1246 1024 1319 1088 dedi-

188 1131 301 1210 gnatus
326 1128 499 1191 ueritatem.
536 1129 644 1209 atquin
668 1148 706 1192 ue
730 1129 762 1191 iu
784 1129 932 1211 apostolis
948 1129 1075 1210 quidem
1089 1129 1158 1192 eius
1173 1127 1312 1191 ludificata

138 1263 163 1298 ιο
190 1236 303 1295 natura
333 1236 390 1295 est.
436 1231 537 1295 fidelis
567 1233 628 1295 fuit
655 1236 687 1296 et
710 1233 796 1296 uisus
820 1237 851 1296 et
874 1233 997 1296 auditus
1021 1233 1054 1295 in
1078 1236 1202 1312 monte,
1231 1232 1308 1294 fidelis

189 1340 220 1400 et
250 1341 361 1419 gustus
393 1337 457 1400 uiui
488 1337 587 1417 illius,
617 1339 689 1401 licet
721 1356 818 1418 aquae
846 1342 933 1417 erite,
964 1337 1139 1420 innuptiis
1163 1337 1307 1415 Galilaeae,

188 1442 288 1505 fidelis
313 1446 343 1505 et
365 1445 467 1505 tactus
491 1442 599 1505 exinde
622 1443 738 1506 creduli
761 1442 909 1506 Thomas.
944 1443 1042 1506 recita
1064 1443 1214 1506 Iohannis
1233 1447 1306 1505 testa-

188 1547 321 1610 tionem:
352 1547 447 1628 quod
479 1547 655 1626 uidimus,
686 1547 802 1628 inquit,
833 1547 928 1627 quod
952 1547 1181 1626 audiuimus
1211 1546 1307 1611 oculis

189 1651 329 1714 nostris
361 1651 540 1730 uidimus
574 1656 609 1714 et
641 1670 770 1714 rnanus
801 1655 952 1714 nostrae
981 1653 1308 1726 contrectaueruut‚

137 1782 161 1820 15
189 1755 230 1816 de
269 1772 437 1817 sermone
476 1756 587 1818 uitae.
638 1756 718 1819 falsa
756 1757 863 1837 utique
891 1756 1034 1835 testatio,
1066 1756 1093 1819 si
1117 1757 1269 1820 oculorum
1287 1757 1311 1816 et

189 1860 311 1922 aurium
335 1863 366 1922 et
389 1878 539 1923 manuum
564 1879 674 1924 sensus
699 1864 812 1923 natura
835 1860 995 1924 mentitur.

235 1963 282 2027 la.
296 1962 298 2046 l
310 1965 480 2028 Conuertor
493 1965 530 2027 ad
544 1965 803 2028 intellectualium
814 1969 947 2046 partem,
963 1965 1228 2046 quemadmodum
1243 1965 1313 2028 illam
1323 1967 1365 2020 tl

188 2068 278 2132 Plato
295 2088 313 2131 a
329 2069 541 2151 corporalibus
566 2074 742 2151 separatam
766 2070 931 2133 haereticis
954 2070 1222 2133 commendauerit
1244 2067 1315 2150 agui·

188 2173 305 2236 tionem
330 2178 403 2237 ante
428 2177 561 2236 mortem
586 2178 782 2237 consecutus.
818 2175 862 2237 ait
885 2174 969 2237 euim
992 2173 1024 2236 in
1039 2173 1223 2238 Phaedone:
1245 2171 1316 2254 quid

136 2304 161 2343 20
188 2280 266 2339 tum
297 2296 384 2359 erga
415 2279 534 2360 ipsam
562 2279 785 2360 prudentiae
812 2279 1114 2360 possessionem?
1159 2282 1317 2342 utrumne

189 2383 495 2465 impedimentum
527 2384 598 2446 erit
629 2401 777 2463 corpuS,
809 2401 853 2446 an
884 2401 970 2464 non,
1002 2383 1033 2446 si
1055 2383 1138 2464 quis
1161 2383 1254 2446 illud
1275 2399 1317 2443 so-

189 2488 284 2548 cium
320 2487 572 2568 assumpserit
606 2488 640 2550 iu
675 2488 954 2568 quaestionem?
1003 2487 1079 2550 tale
1114 2488 1204 2568 quid
1237 2486 1318 2561 dico,

189 2590 351 2653 habetne
375 2592 577 2654 ueritatem
601 2592 766 2672 aliquam
782 2592 878 2655 uisio
896 2596 931 2655 et
947 2591 1089 2656 auditio
1104 2590 1319 2666 hominibus,

190 2713 233 2757 au
265 2701 357 2758 non?
403 2714 447 2758 au
474 2713 545 2758 uon
570 2695 682 2758 etiam
706 2700 837 2776 poetae
860 2696 950 2759 haee
973 2694 1080 2759 nobis
1105 2714 1251 2778 semper
1271 2693 1319 2757 ob·

138 2825 163 2862 aa
191 2805 376 2878 mussant,
407 2800 502 2881 quod
534 2818 651 2880 neque
683 2800 875 2863 audiamus
903 2804 1045 2864 certum
1068 2818 1188 2880 neque
1211 2800 1320 2862 uidea-

190 2907 291 2966 mus?
336 2905 521 2968 meminerat
545 2904 663 2967 scilieet
687 2908 718 2968 et
737 2904 917 2987 Epicharmi
940 2903 1064 2968 comici:
1090 2905 1235 2968 animus
1257 2921 1321 2966 eer-

191 3007 259 3086 nit‚
284 3008 428 3070 animus
452 3009 571 3088 audit,
594 3009 741 3089 reliqua
764 3009 876 3072 surda
899 3011 936 3088 et
958 3026 1067 3072 caeca
1090 3013 1188 3073 sunt.
1226 3009 1320 3088 itaque

190 3131 297 3175 rursus
328 3113 416 3175 illum
449 3133 521 3195 ergo
553 3114 595 3176 ait
626 3132 828 3195 supersapere
857 3114 910 3194 qui
933 3118 1038 3177 mente
1061 3114 1199 3177 maxime
1222 3113 1319 3196 sapiat,

191 3235 290 3297 neque
319 3218 471 3280 uisiouem
503 3237 678 3301 proponens
710 3237 810 3298 neque
834 3218 934 3281 ullum
958 3218 1110 3306 eiusmodi
1132 3236 1261 3282 sensum
1283 3219 1319 3279 at-

296 3389 339 3456 m]
360 3392 372 3443 1
392 3390 449 3441 Ioh.
466 3392 524 3452 1,1.
585 3390 628 3458 rc]
647 3389 716 3442 Pru.
729 3388 830 3442 ruaeu.
844 3406 868 3457 p.
884 3392 916 3445 cs
930 3406 967 3457 sq.
1021 3364 1067 3458 aa]
1088 3390 1121 3443 ar.
1133 3389 1208 3444 Pru.
1227 3389 1258 3443 ue
1275 3389 1319 3441 ar-

190 3478 256 3527 tuua
275 3493 295 3527 c.
316 3479 332 3530 3
351 3479 378 3527 et
396 3474 428 3527 de
447 3475 518 3528 Alex.
539 3477 600 3529 uirt.
620 3480 646 3528 et
664 3475 726 3529 fort.
745 3475 773 3528 Π
793 3479 809 3530 3
827 3475 930 3544 (Epich.
949 3474 981 3530 fr.
1001 3477 1053 3530 253
1070 3474 1167 3545 Mul).

235 3635 390 3687 lreuocare
409 3634 436 3685 B
498 3631 680 3685 ‘dt'athauam
699 3633 726 3685 B
791 3631 998 3685 4testificatuu1
1016 3633 1043 3686 A
1109 3631 1319 3701 5sspiritumA

191 3721 205 3772 7
226 3718 399 3771 *meumriarn
418 3720 444 3772 A
509 3721 538 3772 ll
559 3717 670 3786 galileae
689 3720 715 3772 A
772 3723 802 3773 17
825 3719 873 3771 DE
892 3717 1250 3774 INTELLECTUALIBUS
1267 3718 1320 3783 AB,

192 3804 287 3870 QVOD
311 3805 530 3859 PHILOSOPHI
554 3805 598 3858 ΕΤ
621 3805 817 3860 HAERETICI
841 3804 1088 3860 DISTINGVANT
1112 3806 1225 3860 INTER
1252 3804 1320 3860 SEN-

192 3891 321 3945 SVALIA
343 3893 387 3945 ΕΤ
411 3892 723 3946 INTELLEOTVALIA
744 3894 794 3947 Gcl
869 3895 902 3948 18
921 3910 936 3945 a
954 3893 1017 3947 aad.
1037 3910 1070 3947 aa.
1090 3909 1140 3948 rec.
1161 3895 1188 3948 A
1258 3895 1322 3946 here-

191 3979 251 4032 ticis
275 3981 302 4032 A
376 3983 407 4033 19
434 3978 576 4032 Phaedone
604 3980 688 4033 Parra:
714 3979 817 4047 phaedo
846 3980 881 4046 A,
907 3978 1030 4032 Phaedro
1057 3981 1085 4032 B
1157 3983 1191 4035 24
1219 3984 1322 4036 alteram

192 4081 244 4119 non
263 4084 313 4122 oric.
333 4068 359 4121 A
413 4068 446 4121 29
465 4065 542 4119 illum
560 4067 632 4135 Brap
685 4083 792 4119 sensum
811 4068 891 4136 Bam,
908 4067 1028 4123 orraAB
