2820 4914
218 375 278 438 198
444 373 559 439 Quinti
578 373 714 443 Septimi
733 374 901 427 Florentia
919 373 1121 426 Tertulliani

216 556 247 615 61
270 551 403 634 Spiritus
426 550 545 625 Sancti3
574 551 710 635 exceptis
738 551 844 632 utique
867 551 1016 634 legitimis
1039 549 1252 629 orationibus,
1270 566 1359 630 'quae

216 657 282 719 sine
314 657 378 719 ulla
406 655 616 720 admonitione
643 655 794 719 debentur
817 655 960 739 ingressu
987 654 1065 718 lucis
1088 657 1121 717 61
1142 655 1257 718 666116.
1307 653 1358 717 661

215 765 246 825 61
269 760 372 824 cibum
397 778 458 823 non
478 761 563 842 prius
587 779 710 824 sumere
734 763 765 823 61
783 760 944 823 16666166]
964 778 1026 823 666
1046 760 1133 843 prius
1154 759 1241 823 adire
1263 777 1357 840 quam

216 865 401 948 interposita
427 865 563 928 oratione
591 864 697 928 fideles
725 863 822 928 16661.
869 864 972 947 priora
999 864 1082 928 enim
1109 863 1259 927 habenda
1287 867 1357 927 sunl

177 996 189 1034 1
216 971 342 1050 spiritus
365 970 524 1052 refrigeria
547 973 577 1032 et
597 968 713 1051 pabula
735 987 829 1050 quarn
853 969 965 1049 661616,
988 969 1061 1051 quia
1081 968 1187 1051 priora
1209 969 1358 1032 caelestia

215 1093 308 1156 quam
332 1078 464 1137 terrena,

259 1177 308 1241 26.
342 1179 482 1241 Fratrem
513 1178 640 1241 domum
670 1182 757 1241 tuam
788 1179 1013 1261 introgressum
1046 1197 1085 1240 ne
1116 1177 1186 1241 sine
1216 1178 1357 1242 61611666

216 1283 368 1346 dimiseris
385 1282 545 1364 (uidisti,
562 1282 857 1363 inquitiratrem,
874 1282 1005 1345 uidisti
1022 1281 1356 1364 dominumtuum),

216 1388 350 1451 61611616
379 1387 547 1466 61666616,
576 1406 614 1450 66
643 1386 771 1469 angelus
800 1387 879 1450 16116
906 1386 956 1449 sit.
1004 1386 1059 1449 sed
1080 1404 1138 1450 nec
1161 1386 1229 1469 ipse
1255 1404 1275 1450 a
1298 1387 1357 1450 fra-

165 1519 189 1556 16
216 1492 315 1554 tribus
351 1494 496 1573 exceptus
530 1491 632 1572 priora
667 1491 775 1554 1666111
808 1491 969 1572 refrigeria
1002 1493 1126 1554 terrena
1155 1491 1356 1555 caelestibus.

216 1597 323 1659 statim
354 1595 437 1658 enim
468 1595 654 1658 iudicabitur
684 1594 760 1659 fides
790 1599 852 1658 tua.
907 1598 962 1658 661
995 1596 1149 1676 (16661616
1183 1596 1357 1659 secundum

214 1703 417 1784 praeceptum
445 1718 511 1781 pax
539 1700 624 1763 huic
652 1700 774 1764 domui
797 1700 895 1780 11666,
924 1699 984 1763 6161
1008 1703 1039 1763 61
1062 1700 1105 1763 616
1129 1700 1183 1781 qui
1206 1701 1240 1763 16
1266 1701 1357 1764 16166

216 1808 290 1868 6661
313 1822 421 1886 pacem
445 1807 586 1867 mutuam
610 1804 742 1867 reddas?

259 1906 309 1970 21.
356 1909 573 1991 Diligentiores
597 1908 628 1970 in
652 1909 767 1972 orando
791 1907 978 1991 subiungere
1001 1909 1033 1972 in
1057 1908 1251 1973 orationibus
1272 1907 1359 1972 Alle-

166 2037 190 2076 15
216 2013 281 2076 luia
309 2013 410 2076 solent
440 2016 471 2075 61
501 2012 559 2075 hoc
589 2031 688 2094 genus
717 2012 855 2094 psalmos
886 2030 1018 2093 quorum
1048 2013 1197 2077 clausulis
1229 2031 1360 2097 respon-

217 2117 311 2180 deant
331 2117 383 2197 qui
407 2116 499 2179 simul
520 2120 601 2180 sunt.
642 2120 673 2179 et
693 2121 742 2180 est
761 2116 915 2199 optimum
936 2117 1043 2198 utique
1064 2117 1248 2181 1661161616
1269 2136 1362 2182 66166

217 2221 298 2302 quod
324 2220 541 2302 praeponendo
573 2223 604 2283 et
629 2221 808 2285 honorando
836 2221 892 2284 deo
920 2221 1057 2302 conpetit
1084 2225 1260 2285 saturatam
1292 2240 1362 2286 ora-

216 2326 332 2389 tionem
356 2326 443 2388 uelut
465 2325 603 2407 opimam
626 2326 760 2389 hostiam
785 2326 959 2389 admouere.
1025 2388 1027 2392 Α

259 2427 310 2492 28.
335 2430 421 2492 Η666
449 2433 497 2493 661
525 2430 606 2493 66161
635 2430 737 2493 hostia
765 2430 912 2513 spiritalis
940 2448 1019 2510 quae
1044 2429 1178 2512 pristina
1205 2431 1364 2495 sacrificia

167 2560 191 2598 oo
217 2535 340 2598 deleuit.
394 2552 462 2614 quo
491 2534 594 2613 mihi,
625 2535 740 2615 inquit,
772 2534 1054 2598 multitudinem
1082 2535 1364 2600 sacrificiorum

216 2641 448 2702 uestrorum?
492 2639 625 2720 plenus
649 2658 727 2701 sum
750 2638 1114 2702 holocaustomatum
1138 2639 1302 2703 arietum
1328 2645 1366 2704 61

217 2743 360 2824 adipem
389 2761 566 2824 agnorum
596 2745 630 2804 61
653 2742 872 2824 sanguinem
896 2746 1087 2806 taurorum
1111 2745 1147 2805 61
1169 2743 1365 2808 hircorum

217 2847 309 2910 nolo.
356 2846 438 2927 quis
470 2848 567 2909 66161
595 2846 796 2927 requisiuit
823 2847 894 2909 ista
921 2847 963 2910 de
995 2846 1165 2910 manibus
1192 2849 1364 2913 uestris?

217 2969 296 3032 quae
325 2969 397 3033 ergo
424 2952 592 3032 quaesierit
620 2952 694 3014 deus
723 2951 921 3033 euangelium
949 2951 1047 3015 docet.
1095 2952 1225 3015 ueniet
1256 2953 1365 3034 hora,
1398 2995 1401 3002 ι

158 3054 191 3118 ‘25
218 3055 333 3135 inquit,
362 3073 441 3117 cum
469 3055 548 3118 ueri
576 3055 790 3118 adoratores
820 3054 1027 3118 adorabunt
1054 3058 1197 3138 patrem
1225 3057 1266 3120 16
1289 3058 1365 3140 spi-

218 3159 293 3222 ritu
324 3162 359 3221 et
389 3159 559 3221 ueritate.
606 3159 695 3223 deus
719 3159 814 3222 enim
839 3160 995 3241 spiritus
1024 3162 1093 3238 661,
1122 3162 1153 3223 61
1180 3160 1364 3226 adoratores

217 3265 321 3345 itaque
344 3265 422 3327 tales
446 3264 584 3345 requirit.
623 3282 678 3327 nos
700 3283 808 3328 sumus
829 3264 894 3327 ueri
916 3264 1093 3328 adoratores
1114 3268 1146 3328 ct
1164 3265 1233 3328 ueri
1251 3284 1365 3331 sacer-

218 3368 316 3448 dotes,
338 3368 390 3449 qui
412 3369 521 3450 spiritu
541 3372 664 3431 orantes
682 3369 791 3449 spiritu
807 3368 1017 3433 sacrificamus
1033 3369 1204 3433 orationem
1220 3370 1363 3436 hostiam

219 3471 266 3534 dei
293 3472 449 3554 propriam
478 3475 508 3535 et
533 3472 769 3554 acceptabilem,
797 3491 891 3554 quam
915 3472 1032 3537 66111661
1053 3473 1235 3555 requisiuit,
1265 3494 1363 3557 quam
1399 3538 1403 3543 ,

166 3602 191 3641 eo
219 3575 278 3639 sibi
298 3576 464 3658 prospexit.
503 3577 584 3640 hanc
605 3576 641 3639 de
662 3579 726 3641 1616
748 3577 838 3641 66116
859 3577 1014 3658 deuotam,
1037 3577 1098 3640 fide
1117 3580 1255 3660 pastam,
1279 3581 1364 3644 ueri-

322 3782 367 3850 12]
386 3782 448 3836 nuo.
464 3785 503 3846 1o‚
517 3785 541 3839 5.
591 3783 635 3852 ao]
654 3783 789 3848 as.1,11.
840 3783 885 3852 aa]
904 3783 961 3837 Ioh.
974 3785 999 3849 4,
1013 3786 1053 3840 aa.
1103 3783 1265 3854 6616661.
1279 3789 1305 3852 6,
1321 3790 1362 3843 11.

262 3975 277 4027 5
297 3972 370 4041 quie]
389 3975 416 4026 a
428 3974 601 4029 Mercurios
655 3976 670 4027 1
689 3972 737 4026 66
755 3954 831 4026 sau
849 3973 1073 4029 o1cuassv1>
1132 3977 1165 4031 ro
1183 3979 1313 4047 exceptus
1331 3998 1364 4035 e.-

218 4059 316 4128 ereptis
334 4061 371 4127 D,
390 4059 499 4112 exemtis
512 4061 686 4115 Muratorioos
740 4063 772 4116 12
791 4059 872 4113 domu
889 4062 919 4115 D
980 4063 1012 4116 14
1030 4061 1078 4115 DE
1097 4061 1363 4122 SUBIUNGENDO

217 4145 359 4199 PSALMO
377 4147 407 4200 D
461 4148 492 4201 17
511 4146 680 4216 proponendo
699 4148 872 4203 Marotorias
942 4150 974 4204 18
993 4149 1109 4218 opimam
1127 4167 1160 4206 x:
1178 4151 1316 4219 optimam
1335 4156 1364 4210 D

219 4233 251 4286 19
275 4232 321 4284 ΒΕ
344 4231 475 4286 HOSTIA
499 4233 678 4286 SPIRITALI
698 4232 783 4299 avla
801 4234 921 4303 (repone
939 4234 1041 4300 avda
1064 4237 1201 4304 oehlerus)
1225 4237 1364 4296 ORATIO

219 4318 316 4376 SI'lD
368 4321 402 4376 22
421 4319 497 4388 adipe
515 4338 548 4376 coc
566 4319 690 4389 6111111)
743 4321 1022 4391 646616616111161)
1075 4326 1109 4380 30
1127 4326 1229 4378 sestam
1242 4328 1273 4382 D
1292 4346 1363 4386 corr.
