2820 4914
154 339 219 403 312
387 338 501 403 Quinti
521 338 659 406 Septimi
678 336 845 390 Florentis
864 335 1066 390 Tertulliani

155 515 347 598 corpulentia
366 514 489 578 animae
513 534 549 577 ex
572 514 752 578 densatione
775 513 906 577 solidata
928 515 977 577 est
999 515 1031 577 et
1055 513 1181 596 effigies
1198 532 1231 576 ex
1247 532 1290 576 ex-

155 620 314 702 pressione
336 621 481 684 formata.
527 619 578 682 hic
601 620 661 683 erit
682 619 775 683 homo
799 618 936 698 interior,
967 618 1047 682 alius
1071 618 1215 697 exterior,
1241 618 1288 680 du-

155 724 276 806 pliciter
297 743 391 797 unus;
415 723 534 788 habens
553 726 584 787 et
598 724 650 786 ille
666 724 771 787 oculos
788 727 819 786 et
835 741 924 786 aures
941 741 1024 803 suas,
1049 721 1165 804 quibus
1180 722 1285 785 Paulus

156 828 317 892 dominum
348 828 455 891 audire
479 832 510 891 et
533 828 638 891 uidere
661 826 826 907 debuerat,
856 826 976 890 habens
1000 831 1032 890 et
1056 829 1178 890 ceteros
1200 829 1284 905 artus,

119 962 132 999 e
158 953 213 1016 per
243 951 320 1015 quos
351 933 437 996 etin
461 932 647 1016 cogitatibus
671 933 768 996 utitur
791 936 823 996 et
846 932 878 994 in
902 932 1033 995 somniis
1056 931 1206 1015 fungitur.
1248 932 1283 994 sic

157 1043 188 1103 et
211 1038 302 1102 diuiti
325 1039 407 1121 apud
430 1039 547 1101 inferos
570 1038 679 1121 lingua
702 1041 760 1117 est,
793 1040 825 1101 et
846 1037 976 1120 pauperi
1000 1037 1129 1119 digitus,
1159 1039 1189 1100 et
1210 1036 1281 1100 sinus

155 1143 312 1208 Abrahae,
358 1163 413 1226 per
442 1143 500 1207 has
530 1144 628 1207 lineas
657 1147 688 1207 et
711 1143 833 1206 animae
857 1145 1031 1224 martyrum
1055 1141 1114 1205 sub
1139 1141 1225 1204 altari
1245 1141 1282 1203 iu-

157 1249 356 1331 telleguntur.
391 1248 593 1329 aprimordio
618 1248 702 1311 enim
725 1248 756 1309 in
772 1246 876 1311 Adam
899 1250 1043 1311 concreta
1059 1250 1090 1310 et
1106 1245 1282 1330 configurata

156 1353 276 1435 corpori
305 1352 423 1432 anima,
454 1354 490 1415 ut
511 1352 608 1416 totius
632 1351 842 1431 substantiae,
874 1353 918 1415 ita
941 1355 972 1414 et
994 1349 1185 1415 condicionis
1206 1351 1280 1414 istius

107 1485 132 1521 xo
158 1475 266 1521 semen
290 1456 402 1520 effecit.

203 1559 251 1624 10.
268 1561 408 1625 Pertinet
432 1561 470 1624 ad
494 1565 612 1625 statum
635 1560 707 1624 fidei
730 1561 905 1643 simplicem
929 1561 1067 1623 animam
1091 1561 1280 1624 determinare

159 1665 331 1730 secundum
355 1666 531 1746 Platonem,
562 1665 594 1729 id
618 1670 667 1730 est
689 1666 888 1745 uniformem,
915 1665 1078 1729 dumtaxat
1103 1663 1279 1729 substantiae

158 1772 293 1835 nomine.
350 1771 485 1835 uiderint
514 1773 597 1835 artes
628 1775 660 1834 et
690 1770 886 1853 disciplinae,
918 1769 1054 1834 uiderint
1084 1773 1117 1834 et
1144 1771 1278 1834 haereses.
1325 1790 1327 1795 ·

157 1876 285 1958 quidam
317 1877 401 1940 enim
433 1878 543 1940 uolunt
574 1877 668 1940 aliam
695 1876 741 1940 illi
765 1874 974 1939 substantiam
997 1877 1176 1939 naturalem
1197 1877 1279 1939 inesse

107 2006 131 2044 15
158 1980 317 2063 spiritum,
349 1981 437 2061 quasi
465 1981 547 2044 aliud
571 1981 613 2044 sit
634 1980 755 2060 uiuere,
785 1980 868 2061 quod
891 1980 978 2043 uenit
1000 1979 1039 2043 ab
1064 1981 1184 2061 anima,
1214 1979 1279 2044 ahud

159 2084 287 2166 spirare,
315 2085 398 2165 quod
421 2084 476 2149 fiat
499 2102 517 2147 a
540 2085 658 2166 spiritu.
706 2103 779 2148 nam
803 2088 834 2148 et
857 2083 1044 2148 animalibus
1068 2102 1132 2149 non
1155 2084 1279 2149 omuibus

158 2193 325 2270 utrumque
348 2189 466 2252 adesse.
501 2190 649 2271 pleraque
670 2189 754 2252 enim
771 2189 877 2252 uiuere
894 2190 1101 2269 solummodo,
1126 2207 1187 2253 non
1204 2190 1280 2254 etiam

159 2293 285 2374 spirare,
309 2310 344 2355 eo
368 2294 450 2374 quod
473 2311 535 2357 non
557 2292 695 2357 habeant
718 2311 835 2377 organa
859 2293 995 2375 spiritus,
1018 2294 1185 2376 pulmones
1205 2298 1281 2358 etar-

159 2398 262 2461 terias.
295 2398 387 2479 quale
411 2402 460 2462 est
483 2402 588 2462 autem
611 2399 642 2461 in
667 2399 894 2462 examinatione
917 2398 1075 2461 humanae
1101 2400 1222 2466 animae
1243 2416 1282 2461 ou-

106 2529 132 2567 so
158 2502 225 2565 licis
250 2505 343 2584 atque
365 2503 514 2566 formicae
539 2507 724 2586 argumenta
746 2504 910 2585 respicere,
933 2503 1057 2584 quando
1077 2507 1110 2567 et
1124 2505 1230 2567 uitalia
1242 2519 1283 2585 pro

158 2607 308 2688 cuiusque
331 2608 453 2690 generis
477 2608 677 2689 dispositione
701 2607 846 2671 omnibus
869 2608 994 2690 propria
1014 2607 1206 2673 animalibus
1221 2612 1285 2672 fem·

157 2711 315 2793 perauerit
338 2712 447 2775 artifex
472 2712 558 2791 deus,
582 2715 617 2774 ut
639 2712 726 2776 nulla
748 2712 818 2775 inde
839 2714 1040 2794 {coniectura
1062 2713 1220 2795 captanda
1237 2713 1327 2776 sitlfll

53 2894 57 2902 Ι
158 2834 231 2879 nam
263 2834 363 2897 neque
389 2816 497 2896 homo,
528 2817 554 2880 si
576 2817 778 2898 pulmonibus
802 2820 834 2880 et
857 2816 977 2881 arteriis
1000 2819 1139 2881 structus
1165 2821 1226 2897 est,
1253 2816 1288 2880 id-

158 2921 239 2983 circo
259 2921 383 2984 aliunde
400 2919 540 3003 spirabit,
563 2921 687 2984 aliunde
703 2922 801 3001 uiuet,
825 2940 925 3003 neque
941 2922 1082 3001 formica,
1107 2922 1134 2985 si
1151 2921 1288 2986 membris

106 3051 131 3089 es
158 3024 336 3088 huiusmodi
368 3029 465 3105 caret,
497 3025 610 3089 idcirco
640 3025 806 3108 negabitur
829 3026 960 3108 spirare,
990 3025 1081 3106 quasi
1105 3025 1290 3090 solummodo

158 3129 279 3191 uiueus.
326 3129 375 3192 cui
405 3148 479 3193 uero
509 3133 633 3194 tautum
664 3130 766 3212 patuit
798 3129 830 3193 in
854 3130 902 3193 dei
925 3147 1028 3213 opera,
1050 3133 1087 3193 ut
1110 3131 1204 3194 alicui
1225 3131 1291 3193 hacc

159 3233 268 3296 deesse
301 3233 570 3316 praesumpserit?
623 3234 813 3316 Herophilus
847 3235 899 3298 ille
932 3234 1073 3298 medicus
1105 3239 1160 3298 aut
1190 3236 1291 3312 lanius,

158 3337 210 3418 qui
234 3339 396 3401 sexcentos
421 3339 571 3419 exsecuit,
603 3340 639 3402 ut
661 3342 806 3402 naturam
830 3341 1036 3419 scrutaretur,
1065 3339 1119 3420 qui
1141 3339 1293 3404 hominem

203 3600 216 3654 1
236 3614 267 3652 ex
285 3599 449 3667 expressione
467 3601 581 3669 scripsi:
599 3599 764 3668 expressione
783 3601 818 3667 Β,
837 3616 867 3653 ex
886 3599 1058 3668 impressione
1077 3601 1104 3654 A
1168 3604 1185 3656 3
1203 3599 1295 3654 Paulus

163 3688 228 3742 Urs:
245 3685 359 3754 populus
378 3687 433 3740 AB
494 3686 670 3740 ldominum
688 3688 724 3752 Β,
743 3685 851 3739 domino
869 3685 934 3753 (dno
953 3687 991 3753 A)
1009 3687 1110 3756 ABmp
1169 3686 1296 3754 5cogita-

157 3773 275 3826 tionibus
298 3774 325 3827 A
398 3773 497 3826 somnis
520 3775 592 3828 Poro
663 3775 695 3828 10
719 3772 802 3826 efficit
824 3775 852 3827 Β
923 3775 953 3828 ll
978 3773 1026 3826 DE
1049 3772 1296 3828 SIMPLICITATE

158 3859 405 3913 SUBSTANTIAE
434 3859 529 3925 QUOD
558 3861 602 3913 ET
631 3859 794 3913 SPIRITUS
816 3858 898 3913 IPSA
923 3859 977 3912 SIT
1000 3861 1063 3927 AB,
1092 3860 1198 3914 VNVM
1220 3860 1297 3914 ESSE

158 3946 306 3999 ANIMAM
324 3947 367 3999 ET
388 3947 559 4000 SPIRITVM
580 3948 629 4002 θεῖ
693 3950 724 4002 12
744 3947 873 4001 duntaxat
891 3949 919 4001 Β
982 3950 1014 4002 13
1032 3947 1138 4001 hereses
1162 3936 1228 4004 Ursi
1245 3947 1298 4001 effi-

158 4034 214 4102 gies
241 4035 296 4088 AB
369 4037 400 4088 15
428 4034 547 4101 quasi-
560 4038 591 4088 16
615 4035 710 4103 spiritu
734 4054 784 4091 coc.
808 4036 835 4089 A
908 4036 939 4089 lo
963 4034 1158 4087 examinatione
1184 4037 1219 4102 B,
1248 4034 1299 4087 arri·

160 4121 277 4173 mationc
295 4122 396 4190 ABoop
449 4123 482 4175 22
503 4120 618 4189 aptanda
632 4122 663 4175 A
717 4125 750 4176 23
764 4122 935 4189 neque—24
954 4120 1028 4173 uiuet
1045 4138 1095 4175 ooo.
1115 4123 1144 4174 A
1197 4124 1232 4175 24
1251 4121 1300 4189 spi-

159 4207 268 4261 rauitB
321 4209 354 4261 26
374 4207 439 4261 haec
457 4226 508 4263 om.
522 4209 549 4262 A
602 4209 636 4264 28
650 4208 750 4276 *quiA
805 4210 939 4261 sexcentos
952 4208 1059 4280 ABmg,
1079 4207 1301 4278 septingentosB

161 4296 310 4351 scutarctur
328 4296 355 4349 A
374 4313 440 4353 corr.
