2820 4914
152 375 215 438 280
381 374 494 440 Quinti
514 376 653 443 Septimi
672 375 840 428 Florentia
858 375 1058 429 Tertulliani

197 549 226 612 6.
251 549 341 613 Nune
372 550 398 613 si
429 554 545 614 temore
573 551 710 614 rationes
734 552 878 634 castigati
902 552 998 616 adeo
1022 553 1124 615 uictus
1148 553 1274 616 1111111-

154 654 249 737 gandi
271 659 396 738 propter·
419 656 513 718 doum
536 674 554 718 a
578 655 666 719 nobis
690 655 728 718 ad
751 656 990 738 primordiorum
1014 657 1224 739 experimenta
1243 676 1276 719 11-
1331 668 1333 683 “

155 759 346 839 uocauimus,
371 758 593 823 conscientiam
617 778 817 823 communem
841 762 1052 824 consulamus,
1092 761 1162 844 ipsa
1184 765 1278 824 natura

156 862 346 942 enuntiabit,
371 863 479 944 quales
503 882 559 928 nos
583 866 655 927 ante
679 864 829 945 pabulum
854 868 885 929 et
908 869 1018 948 potum
1040 865 1073 928 in
1097 865 1218 948 uirgine
1240 865 1279 927 ad·

115 995 127 1033 s
155 968 215 1031 huc
242 968 342 1030 salina
365 966 508 1031 exhibere
538 968 693 1031 consuerit
723 967 816 1032 rebus
848 968 1009 1033 dumtaxat
1038 988 1135 1033 sensu
1158 969 1280 1053 agendis,

156 1090 216 1153 qno
247 1072 353 1135 diuina
379 1074 566 1151 tractantur,
598 1072 625 1136 si
648 1073 747 1136 multo
770 1073 963 1156 pollentioris
986 1073 1118 1154 mentia,
1150 1074 1177 1137 si
1200 1074 1282 1137 multo

155 1175 319 1240 uiuacioris
343 1175 457 1257 cordis,
485 1195 580 1258 quam
604 1195 676 1240 cum
699 1181 799 1241 totum
824 1177 901 1241 illud
924 1178 1118 1242 domicilium
1141 1178 1282 1242 interioris

154 1280 290 1343 hominis
312 1279 390 1343 escis
408 1282 570 1362 stipatum,
594 1281 676 1345 uinis
692 1281 889 1362 inundatum,
913 1282 1122 1363 decoquendis
1139 1283 1204 1346 iarn
1220 1286 1284 1346 ster·

155 1384 279 1447 ceribus
296 1388 479 1448 exaestuans
495 1385 802 1467 praemeditatorium
819 1386 953 1450 efficitur
968 1387 1166 1468 latrinarum,
1190 1388 1222 1450 in
1236 1406 1284 1468 quo

104 1518 128 1556 10
154 1489 247 1571 plane
270 1489 346 1551 nihil
370 1491 435 1553 tam
459 1489 491 1553 in
514 1491 653 1573 proximo
677 1490 813 1572 supersit
829 1509 924 1572 quarn
940 1491 979 1554 ad
994 1491 1161 1555 lasciuiam
1178 1510 1283 1575 sapere.

155 1593 397 1656 manducauit
427 1595 588 1676 populus
620 1598 655 1657 et
684 1594 797 1674 bibit,
829 1598 864 1658 et
892 1599 1136 1659 surrexerunt
1160 1596 1285 1659 ludere.

155 1699 301 1781 intellege
318 1702 444 1763 sanctae
461 1700 631 1782 scripturae
647 1699 883 1764 uerecundiam:
907 1700 1012 1764 lusum
1028 1701 1090 1765 nisi
1104 1701 1287 1783 impudicum

156 1821 218 1866 nou
249 1803 437 1868 denotasset.
483 1808 621 1868 ceterum
651 1805 898 1886 quotusquisque
929 1805 1108 1869 meminerit
1138 1805 1288 1889 religionis

157 1908 314 1990 occupatis
338 1909 506 1972 memoriae
529 1909 615 1987 locis,
639 1908 795 1991 impeditis
813 1909 982 1992 sapientiae
998 1909 1174 1974 membris?
1208 1927 1289 1973 nemo

106 2037 130 2075 15
157 2012 201 2074 ita
223 2016 258 2074 ut
281 2012 384 2092 decet,
408 2013 452 2075 ita
474 2016 509 2076 nt
531 2030 587 2093 par
611 2016 673 2093 est,
698 2013 742 2076 ita
765 2016 800 2076 ut
824 2012 900 2077 utile
924 2017 986 2093 est,
1012 2013 1227 2078 recordabitur
1248 2013 1291 2076 dei

157 2134 192 2179 eo
215 2115 247 2179 in
271 2120 420 2197 tempore,
444 2135 504 2198 qno
527 2117 630 2199 ipsum
654 2115 714 2180 sibi
736 2116 896 2181 hominem
918 2117 1056 2181 excidere
1073 2118 1225 2181 sollemne
1240 2120 1291 2181 est.

157 2238 282 2285 omnem
314 2220 510 2302 disciplinam
538 2221 640 2285 nictus
664 2224 718 2284 ant
741 2222 852 2286 occidit
875 2226 929 2286 aut
951 2223 1104 2286 uulnerat.
1155 2223 1292 2302 mentior,

157 2325 183 2387 si
207 2342 268 2388 non
292 2324 435 2388 dominus
459 2325 525 2408 ipse
546 2324 733 2389 obliuionem
758 2326 806 2389 sui
830 2325 1019 2409 exprobrans
1035 2325 1148 2391 Israeli
1172 2345 1292 2391 causam

156 2429 342 2512 plenitudini
365 2432 499 2512 reputat.
545 2430 779 2494 incrassatus
811 2434 866 2495 est
897 2431 1059 2494 dilectus
1088 2435 1125 2495 et
1148 2432 1294 2516 pingue·

105 2558 131 2596 111
157 2535 280 2597 sactus
312 2536 348 2597 et
375 2532 558 2597 dilatatus
583 2537 653 2614 est,
684 2538 720 2598 et
743 2534 947 2616 dereliquit
970 2534 1091 2615 deum,
1124 2536 1186 2617 qui
1209 2536 1294 2600 fecit

159 2657 254 2718 cum,
278 2640 314 2701 11
337 2637 523 2702 abscessit
543 2656 561 2701 a
581 2638 726 2702 domino
749 2639 1031 2703 salutificatore
1055 2657 1131 2703 suo.
1168 2641 1294 2722 denique

159 2743 190 2807 in
226 2742 335 2806 eodem
364 2742 606 2807 Deuteronomio
642 2743 773 2807 eandem
808 2761 936 2807 causam
965 2744 1148 2826 praecaueri
1178 2743 1293 2823 iubere,

159 2867 217 2927 ne,
241 2847 352 2928 inquit,
376 2865 456 2910 curn
479 2848 765 2911 manducaueris
789 2851 825 2911 et
847 2847 988 2912 biberis
1013 2850 1048 2912 et
1064 2848 1191 2913 domos
1209 2850 1293 2932 opti·

160 2969 236 3014 mas
260 2951 539 3032 aedificareris,
568 2951 698 3015 ouibus
723 2957 759 3015 11
781 2951 902 3016 bubus
925 2953 1004 3016 tuis
1027 2952 1292 3036 multiplicatis

108 3078 133 3117 25
161 3058 195 3118 et
218 3059 372 3138 argento
396 3059 431 3120 et
455 3074 541 3120 auro
566 3057 769 3120 extollatur
793 3075 853 3121 cor
876 3060 979 3120 tuum
1003 3059 1038 3120 et
1057 3055 1292 3121 obliuiscaris

160 3159 298 3223 domini
322 3159 381 3222 dei
404 3161 465 3223 tui.
513 3161 692 3243 praeposuit
715 3161 908 3244 corruptelae
932 3160 1114 3224 dinitiarum
1139 3161 1291 3225 edacitatis

161 3263 393 3344 enormitatem,
424 3266 472 3328 cui
501 3265 586 3348 ipsae
618 3264 744 3329 diuitiae
770 3268 946 3347 procurant.
992 3284 1047 3349 per
1070 3264 1161 3328 illam
1184 3267 1292 3330 scilicet

160 3368 366 3432 incrassatum
391 3373 456 3432 erat
480 3386 530 3432 cor
545 3368 662 3452 populi,
685 3388 724 3432 ne
740 3369 836 3433 oculis
852 3369 973 3434 uideret
988 3373 1019 3433 et
1034 3368 1163 3433 auribus
1180 3370 1291 3434 audiret

161 3475 191 3536 et
222 3473 312 3536 corde
343 3474 498 3538 coniceret
528 3473 669 3557 adipibus
700 3473 876 3555 obstructo,
908 3492 985 3556 quas
1015 3472 1204 3539 nominatim
1234 3473 1290 3538 esui

108 3600 134 3639 so
161 3577 291 3642 abstulit
321 3579 472 3643 dedocens
496 3579 656 3643 hominem
680 3580 808 3662 saginae
832 3580 965 3644 studere.
1012 3582 1153 3643 ceterum
1177 3580 1227 3643 cui
1248 3597 1290 3643 cor

161 3685 298 3746 erectum
329 3684 430 3765 potius
454 3684 671 3748 inueniebatur
694 3702 788 3764 quarn
811 3685 1058 3767 impinguatum,
1090 3684 1144 3766 qui
1168 3685 1291 3766 quadra·

264 3881 308 3950 11]
327 3881 373 3935 ux.
387 3884 428 3946 aa,
441 3883 465 3937 1.
520 3882 564 3950 11]
584 3883 771 3946 1111111115.
826 3881 871 3951 23]
891 3881 954 3937 1111.
969 3884 992 3946 c,
1008 3883 1039 3938 12
1053 3897 1109 3951 sqq.

205 4067 217 4119 l
247 4064 370 4132 castigati
397 4083 412 4118 a
441 4066 504 4120 oea·
531 4064 685 4132 castiganda
713 4067 740 4120 B
810 4068 827 4121 4
850 4065 1001 4120 enuntiabit
1025 4066 1087 4121 Get:
1115 4066 1292 4121 nuntiabitB

161 4154 286 4205 5sensus
306 4152 376 4206 Pom
428 4151 578 4205 dsic-sic
597 4154 659 4220 fort.
715 4152 931 4221 8decoquendis
957 4153 1019 4208 Get.-
1046 4152 1078 4206 de
1106 4154 1293 4223 coquendisB

161 4240 350 4292 9e1aestuans
373 4237 401 4306 O,
421 4241 544 4290 aestuans
562 4239 589 4292 B
644 4242 676 4294 16
695 4239 722 4291 in
742 4255 771 4292 11
786 4241 836 4295 Gal
890 4243 921 4296 19
940 4239 1052 4308 deputat
1068 4241 1120 4296 Urs
1175 4244 1208 4297 27
1226 4240 1294 4294 illam

160 4326 272 4394 scripsi:
290 4324 337 4377 illa
355 4327 390 4393 B,
408 4324 468 4379 illas
489 4325 539 4380 uer
592 4327 623 4380 31
644 4329 765 4379 enectum
788 4326 811 4379 (i
861 4327 906 4394 qui
925 4345 974 4382 om.
995 4327 1066 4381 Pam
