2820 4914
502 375 532 428 X.
553 376 597 428 De
616 376 722 430 anima
739 379 781 431 43.
854 446 856 452 Α
1147 379 1208 443 311

10 546 168 611 15311111
198 550 297 630 operis
329 550 478 614 adlatura.
501 548 505 635 1
526 553 580 633 qui
611 571 683 637 ergo
710 554 747 616 de
772 555 873 617 somni
897 555 1097 619 naturalitate
1120 555 1210 619 dubi-

67 652 160 732 tabit,
192 653 287 718 habet
317 655 443 736 quidem
474 656 651 721 dialecticos
681 658 713 721 in
746 658 876 722 dubium
900 658 1086 723 deducentes
1111 662 1210 723 totam

66 757 259 821 naturalium
290 762 321 822 et
348 761 626 825 extranaturalium
650 761 879 843 discretionem,
903 766 939 826 ut
963 766 995 827 et
1017 782 1096 846 quae
1118 767 1210 847 puta-

66 860 150 923 uerit
179 862 256 925 citra
286 865 431 927 naturam
455 884 523 929 esse
546 869 676 932 naturae
700 867 852 931 uindicari
875 868 953 931 sciat
975 886 1076 950 posse,
1108 887 1126 931 a
1149 888 1210 950 qua

66 964 110 1028 ita
134 984 203 1029 osse
227 967 337 1031 sortita
360 972 443 1049 sunt,
467 973 503 1034 ut
525 970 603 1034 citra
626 990 695 1034 eam
717 971 828 1034 haberi
851 972 1025 1052 uideantur,
1050 976 1080 1037 11
1103 973 1208 1055 utique
1249 1000 1261 1038 5

66 1072 123 1132 aut
153 1074 265 1135 natura
294 1073 399 1136 omnia
430 1078 485 1138 aut
507 1076 595 1139 nulla
618 1080 739 1140 natura.
786 1076 868 1158 apud
891 1095 947 1140 nos
972 1079 1078 1140 autern
1102 1077 1132 1140 id
1155 1096 1210 1158 po-

66 1175 141 1237 terit
165 1176 264 1239 audiri
287 1178 369 1258 quod
392 1178 441 1241 dei
465 1181 687 1264 contemplatio
716 1183 866 1263 suggerit,
897 1182 1032 1245 auctoris
1057 1183 1208 1262 omniurn,

66 1277 104 1342 de
133 1280 245 1360 quibus
269 1283 437 1363 quaeritur.
483 1285 638 1349 oredimus
663 1285 757 1366 enim,
789 1286 816 1349 si
839 1286 913 1367 quid
936 1290 985 1349 est
1007 1290 1129 1366 natura,
1159 1305 1209 1350 ra-

65 1385 183 1448 tionale
206 1387 329 1467 aliquod
352 1407 429 1471 opus
453 1389 502 1452 dei
525 1409 602 1454 esse.
638 1409 728 1473 porro
752 1408 898 1454 somnum
913 1391 993 1455 ratio
1008 1392 1118 1473 praeit,
1141 1394 1208 1455 tam

65 1493 186 1572 aptum,
221 1495 286 1555 tarn
317 1494 436 1574 utilem,
472 1498 538 1559 tam
569 1495 792 1575 necessarium,
824 1498 859 1558 ut
889 1494 1006 1576 absque
1038 1496 1090 1558 illo
1121 1496 1208 1559 nulla
1234 1525 1260 1562 10

66 1597 173 1660 anima
195 1597 339 1678 sufficiat,
362 1602 569 1663 recreatorem
589 1618 762 1681 corporum,
785 1600 1065 1682 redintegratorem
1081 1600 1206 1681 uirium,

64 1701 263 1785 probatorem
279 1704 504 1785 ualetudinum,
528 1708 706 1787 pacatorem
722 1724 861 1787 operum,
882 1705 1038 1768 medicum
1052 1704 1206 1786 laborum,

64 1809 114 1871 cui
136 1808 276 1890 legitime
292 1809 422 1873 fruendo
440 1810 505 1873 dies
521 1811 612 1890 cedit,
636 1827 695 1873 nox
710 1810 815 1892 legem
830 1810 915 1889 facit,
940 1811 1083 1873 auferens
1099 1829 1205 1873 rerum

65 1912 162 1977 etiam
185 1914 328 1977 colorem.
375 1915 486 1995 quodsi
509 1915 604 1978 uitale
628 1916 764 1979 salutare
787 1914 933 1978 auxiliare
958 1932 1096 1995 somnus,
1128 1915 1207 1978 nihil

64 2017 216 2081 eiusmodi
250 2037 312 2082 non
345 2019 511 2099 rationale,
545 2019 623 2082 nihil
653 2036 715 2082 non
746 2018 897 2083 naturale.
958 2019 1002 2082 sio
1034 2021 1065 2082 et
1094 2019 1207 2082 medici
1234 2048 1258 2086 11

63 2140 157 2185 omno
188 2123 377 2187 contrarium
407 2124 497 2187 uitali
527 2123 657 2187 salutari
687 2124 826 2188 auxiliari
849 2126 935 2187 extra
957 2124 1115 2187 naturales
1140 2142 1207 2187 ear-

63 2227 153 2290 dines
182 2227 332 2310 relegant.
379 2247 453 2291 nam
484 2231 515 2292 et
538 2228 678 2292 aemulas
703 2246 811 2292 somno
835 2228 1043 2308 ualetudinem,
1073 2228 1207 2311 phrene-

61 2332 159 2394 ticam
190 2334 281 2412 atque
312 2333 498 2413 cardiacam,
528 2336 651 2415 praeter
674 2336 819 2397 naturam
841 2333 1005 2397 iudicando
1029 2332 1204 2396 naturalem

62 2453 210 2499 somnum
233 2437 538 2518 praeiudioauerunt3
563 2438 659 2502 etiam
674 2438 706 2500 in
722 2438 863 2519 lethargo
879 2455 941 2500 non
958 2437 1134 2501 naturalem
1150 2454 1205 2499 no-

62 2543 167 2603 tantes
198 2541 377 2605 testimonio
408 2541 541 2605 naturali
571 2542 772 2625 respondent,
804 2559 876 2604 oum
907 2541 939 2604 in
971 2559 1026 2604 suo
1050 2545 1204 2622 tempera-
1230 2569 1256 2606 eo

61 2648 168 2708 mento
193 2648 249 2709 est.
292 2647 393 2710 omnis
418 2647 502 2709 enirn
525 2650 638 2710 natura
661 2650 715 2710 aut
737 2646 970 2710 defraudatione
995 2648 1048 2709 aut
1071 2645 1204 2708 enormi-

62 2752 129 2812 tate
152 2750 347 2831 rescinditur,
369 2751 557 2832 proprietate
574 2769 739 2815 mensurae
755 2754 966 2814 eonseruatur.
1001 2752 1045 2814 ita
1061 2750 1203 2813 naturale

61 2854 120 2916 erit
144 2856 237 2935 statu,
261 2856 342 2935 quod
365 2874 427 2919 non
451 2857 593 2920 naturale
617 2855 698 2919 111111
719 2858 823 2939 potest
846 2856 975 2919 decessu
998 2856 1050 2919 uel
1066 2872 1202 2918 excessu.

61 2959 147 3041 quid,
179 2961 204 3022 si
235 2962 266 3022 et
289 2979 378 3023 esum
401 2963 432 3023 et
454 2964 563 3043 potum
587 2961 623 3023 de
647 2964 776 3024 naturae
800 2959 935 3023 sortibus
959 2960 1097 3023 eximas?
1128 2977 1202 3023 narn

60 3067 94 3127 et
124 3064 155 3127 in
186 3064 234 3127 his
264 3065 399 3145 plurima
429 3065 532 3128 somni
561 3068 784 3148 praeparatura
814 3068 871 3129 est.
917 3068 998 3128 certe
1029 3064 1077 3128 his
1101 3083 1120 3127 1
1141 3065 1203 3145 pri·
1229 3091 1255 3129 11

60 3168 180 3232 mordio
203 3170 331 3231 naturae
356 3188 429 3232 suae
452 3169 545 3233 homo
567 3169 695 3233 inbutus
720 3172 775 3233 est.
819 3169 845 3231 si
868 3169 950 3251 apud
974 3169 1067 3232 deum
1091 3168 1202 3248 discas,

60 3273 114 3336 ille
149 3273 217 3336 fons
252 3275 389 3356 generis,
422 3273 542 3354 Adam,
581 3277 653 3338 ante
688 3273 785 3337 ebibit
818 3290 961 3356 soporem
996 3292 1091 3355 quam
1125 3273 1203 3336 sitiit

61 3377 212 3459 quietem,
244 3381 315 3441 ante
346 3378 471 3442 dormiit
501 3397 595 3460 quam
618 3378 783 3457 laborauit,
813 3378 909 3441 immo
934 3396 1028 3459 quam
1052 3375 1200 3461 11111111

10 3490 47 3543 »3v
60 3482 158 3546 immo
190 3499 285 3564 quam
315 3486 346 3546 et
375 3483 515 3566 profatus
547 3486 607 3563 est,
641 3486 676 3546 ut
706 3483 833 3546 uideant
863 3482 1038 3546 naturalem
1068 3482 1202 3544 iudicem

164 3612 209 3681 27]
229 3611 262 3666 cf.
276 3611 341 3667 Gen.
355 3614 380 3678 2,
392 3614 424 3667 21
439 3627 495 3680 sqq.

105 3726 118 3778 1
143 3725 265 3780 adlatura
283 3728 434 3782 Maraccas:
456 3725 563 3780 adlatur
581 3726 616 3795 A,
636 3724 761 3778 adulatur
779 3725 807 3778 B
877 3727 893 3779 3
916 3726 942 3776 ot
964 3723 1200 3776 extranaturalium

59 3829 111 3867 orn.
131 3813 158 3866 A
229 3816 256 3867 et
274 3831 324 3870 ora.
344 3813 371 3867 A
440 3816 537 3867 5sunt
557 3814 621 3868 Gal:
639 3813 679 3864 est
697 3812 752 3866 AB
826 3813 1039 3879 iaperatorem
1057 3811 1201 3865 Hurteb‘us

60 3901 93 3954 15
113 3899 180 3953 nihil
199 3916 252 3954 non
270 3899 392 3954 naturale
409 3901 495 3955 Pom:
514 3899 594 3968 [nihil
612 3916 665 3953 non
684 3898 804 3953 naturale
824 3898 952 3952 rationale
971 3897 1042 3965 quod
1060 3896 1200 3965 rationale]

58 3988 95 4052 Β,
118 4006 168 4043 111.
181 3989 217 4057 A,
237 3989 296 4056 Get,
314 3987 356 4041 ‘al.
376 3987 481 4041 desunt'
494 3990 566 4057 Bonp
632 3989 664 4043 16
683 3986 816 4040 naturales
835 3988 898 4055 AB,
922 3989 1032 4039 naturae
1050 3986 1130 4055 Bocp,
1152 3986 1201 4040 (111

60 4077 93 4130 18
121 4076 200 4143 atque
227 4075 376 4128 cardiacam
403 4093 453 4130 ona
473 4076 500 4129 A
579 4076 613 4128 20
644 4091 768 4127 somnum
800 4073 950 4127 naturalem
978 4071 1110 4141 spondent
1136 4074 1199 4140 sort.

59 4162 99 4230 in]
118 4162 174 4215 sine
193 4165 337 4218 Hartcla'os
401 4162 709 4231 1411111111
779 4164 812 4216 25
826 4161 912 4215 somni
925 4162 988 4226 AB,
1007 4159 1111 4213 homini
1124 4160 1200 4213 Hor-

58 4250 139 4304 tela'us
202 4252 329 4319 paratura
347 4251 418 4304 Pom
482 4251 516 4303 29
535 4247 673 4300 uideamus
691 4251 754 4317 fort.
827 4246 1003 4315 indigentiam
1023 4245 1109 4298 somni
1127 4248 1200 4314 fort,

58 4335 142 4389 indici
161 4352 284 4390 somnum
302 4337 446 4391 Heraclius

993 4418 1043 4470 24*
