2820 4914
165 364 229 428 230
392 363 506 429 Quinti
526 364 663 433 Septimi
682 363 849 417 Florentis
868 362 1067 417 Tertulliani

166 644 246 725 quod
276 663 332 707 nec
361 645 445 727 ipsae
469 643 570 707 adhuc
593 662 691 726 aquae
720 644 872 709 lauerant.
911 646 943 708 at
972 643 1026 707 ubi
1049 661 1156 707 sermo
1180 643 1229 707 dei
1250 644 1296 708 de

165 749 285 813 scandit
315 749 348 812 in
378 767 503 812 carnem
535 768 573 812 ne
604 749 721 831 nuptiis
751 749 877 831 quidem
906 748 1099 832 resignatam
1133 751 1167 812 et
1200 767 1295 813 sermo

165 872 235 916 caro
258 853 358 917 factus
383 856 430 916 est
453 873 491 915 ne
514 854 630 936 nuptiis
653 853 778 935 quidem
799 853 994 936 resignanda,
1016 870 1097 934 quae
1118 853 1159 916 ad
1181 853 1292 937 lignum

128 986 141 1024 s
165 977 227 1021 non
250 958 501 1036 incontinentiae,
532 958 586 1021 sed
610 958 791 1022 tolerantiae
815 957 985 1036 accederet,
1015 974 1096 1038 quae
1120 975 1184 1022 nen
1211 957 1291 1021 dulce

165 1062 291 1143 aliquid,
322 1062 376 1125 sed
399 1079 542 1125 amarum
564 1062 681 1144 aliquid
704 1062 776 1126 inde
801 1064 951 1146 gustaret,
982 1079 1063 1143 quae
1092 1079 1158 1126 non
1187 1062 1226 1126 ad
1249 1062 1290 1126 in·

165 1167 257 1246 feros,
282 1166 336 1230 sed
359 1165 398 1229 ad
420 1167 542 1230 caelum
563 1167 743 1248 pertineret,
771 1185 851 1248 quae
874 1183 935 1230 non
957 1166 1104 1230 lasciuiae
1127 1166 1289 1246 frondibus,

166 1270 221 1334 sed
244 1270 465 1334 sanctimoniae
489 1269 615 1334 floribus
638 1271 899 1354 praecingeretur,
929 1288 1008 1352 quae
1031 1270 1204 1334 munditias
1227 1287 1288 1334 suas

167 1375 256 1457 aquis
286 1375 436 1454 traderet,
468 1375 577 1438 exinde
607 1392 677 1438 caro
708 1392 921 1456 quaecumque
950 1375 982 1438 in
1013 1373 1136 1439 Christo
1165 1375 1289 1456 reiquae

116 1505 140 1544 ιο
167 1479 273 1543 sordes
296 1479 443 1560 pristinas
467 1479 570 1558 soluit,
594 1479 654 1542 alia
669 1479 733 1542 iam
748 1497 799 1542 res
815 1482 874 1558 est,
897 1495 979 1543 noua
994 1478 1137 1562 emergit,
1159 1479 1223 1542 iarn
1237 1497 1290 1542 non

167 1602 202 1646 ex
233 1582 363 1646 seminis
394 1583 478 1663 limo,
509 1599 571 1647 non
602 1602 638 1646 ex
667 1582 938 1665 concupiscentiae
967 1581 1052 1662 fimo,
1082 1581 1291 1664 sedereque
1335 1624 1337 1669 ;

166 1705 244 1769 pura
267 1689 299 1749 ct
321 1687 432 1768 spiritu
456 1688 580 1751 mundo.
619 1687 693 1769 quid
715 1687 819 1769 itaque
842 1687 931 1750 illam
949 1687 987 1750 de
1002 1686 1136 1768 pristino
1151 1689 1292 1751 excusas?

167 1809 229 1855 non
260 1808 370 1873 corpus
399 1790 524 1871 Christi,
555 1809 617 1855 non
648 1791 790 1855 membra
820 1789 944 1871 Christi,
975 1807 1038 1854 non
1067 1790 1224 1874 templum
1251 1791 1310 1873 dei

167 1894 351 1974 uocabatur,
386 1913 457 1957 cum
493 1894 618 1959 neniam
652 1895 811 1959 moechiae
841 1893 1098 1976 consequebatur.
1137 1895 1243 1978 itaque
1273 1895 1296 1958 si

114 2026 139 2064 15
166 1999 285 2078 exinde,
316 2017 376 2079 quo
400 2001 519 2062 statum
542 1999 647 2079 uertit,
677 2001 709 2062 et
731 1999 763 2061 in
787 1997 946 2063 Christum
969 1998 1068 2062 tincta
1090 1998 1195 2063 induit
1217 1997 1296 2065 chri-

166 2106 249 2166 stum
281 2106 312 2166 et
342 2120 456 2185 magno
486 2102 649 2185 redempta
679 2106 736 2182 est,
768 2103 919 2186 sanguine
951 2103 1070 2167 scilicet
1097 2103 1228 2185 domini,
1257 2104 1297 2186 [et

167 2208 331 2290 magnum]
363 2212 450 2271 tenes
482 2207 607 2289 aliquod
637 2207 815 2290 exemplum
839 2207 906 2271 siue
928 2210 1130 2291 praeceptum
1152 2209 1222 2272 siue
1242 2208 1297 2273 fcr-

167 2330 251 2375 mam
282 2313 348 2375 siue
380 2312 568 2375 sententiam
598 2311 738 2375 indultae
762 2312 827 2375 siue
851 2311 1059 2395 indulgendae
1089 2311 1298 2377 fornicationis

167 2419 259 2498 atque
290 2416 459 2495 moechiae,
490 2416 586 2480 habes
618 2416 713 2479 etiam
743 2416 892 2498 temporis
922 2434 941 2479 a
968 2415 1057 2480 nobis
1081 2415 1298 2497 definitionem,

116 2548 140 2586 20
168 2541 203 2585 ex
227 2540 286 2603 quo
310 2521 475 2603 deputetur
499 2525 585 2584 aetas
609 2521 810 2602 quaestionis

212 2624 240 2689 7.
272 2625 301 2688 A
331 2625 487 2708 parabolis
515 2625 622 2689 licebit
649 2625 789 2708 incipias,
816 2624 871 2688 ubi
900 2629 948 2689 est
975 2624 1042 2688 ouis
1064 2625 1191 2708 perdita
1214 2643 1233 2690 a
1253 2625 1299 2690 do

168 2731 252 2794 mino
276 2730 426 2811 requisita
450 2734 481 2793 et
502 2730 641 2793 humeris
666 2731 731 2794 eius
755 2733 889 2793 reuecta.
927 2729 1097 2812 procedant
1123 2730 1214 2812 ipsae
1241 2731 1299 2814 pio

168 2839 256 2899 turae
280 2835 411 2898 calicum
435 2837 622 2913 uestrorum,
647 2835 673 2896 si
696 2834 747 2897 uel
770 2834 802 2897 in
822 2833 884 2897 illis
900 2832 1073 2916 perlucebit
1088 2834 1297 2917 interpretatio

169 2939 296 3022 pecudis
319 2939 414 3018 illius,
437 2942 583 3001 utrumne
607 2937 782 3002 Christiano
806 2957 845 3001 an
869 2938 992 3001 ethnice
1018 2939 1179 3020 peccatori
1200 2940 1237 3004 de
1257 2957 1298 3002 re

117 3069 143 3108 ss
170 3044 332 3106 stitutione
356 3043 510 3106 conliniet.
550 3041 790 3124 praescribimus
815 3042 900 3105 enirn
921 3061 957 3106 ex
980 3045 1111 3106 naturae
1130 3043 1297 3127 disciplina,

172 3148 297 3230 exlege
322 3146 404 3209 auris
428 3149 460 3209 et
482 3147 616 3229 linguae,
641 3165 677 3209 ex
701 3146 814 3209 mentis
838 3146 971 3210 sanitate
988 3163 1025 3210 ea
1039 3164 1167 3229 semper
1182 3165 1297 3230 respon·

172 3252 236 3314 deri
257 3269 335 3332 quae
355 3254 562 3333 prouocantur
577 3251 608 3314 id
624 3251 727 3314 estad
743 3268 780 3314 ea
795 3269 875 3332 quae
890 3252 1069 3333 prouocant.
1105 3250 1295 3333 prouocabat,

171 3359 206 3420 ut
236 3355 358 3437 opinor,
392 3355 472 3435 quod
499 3355 659 3418 Pharisaei
686 3354 867 3437 publicanos
899 3358 929 3418 et
959 3357 1140 3437 peccatores
1170 3355 1295 3428 ethnicos

172 3459 392 3523 admittentem
423 3460 584 3523 dominum
612 3463 642 3523 et
669 3478 741 3522 curn
768 3460 829 3523 illis
853 3459 890 3522 de
913 3459 998 3522 nictu
1020 3460 1296 3524 communicantem

216 3617 229 3668 1
249 3616 277 3666 et
298 3612 381 3667 laetae
400 3616 482 3666 sortes
501 3628 554 3666 non
571 3612 699 3666 habentes
717 3612 826 3666 idoneae
838 3614 874 3680 B,
892 3612 932 3680 (ex
943 3611 1012 3666 lacta
1024 3612 1115 3667 sordes
1126 3611 1295 3680 hoehabent),
1335 3668 1337 3693 ἱ

171 3700 280 3755 idoneae
300 3699 433 3768 Oebleraa,
451 3702 478 3752 et
495 3701 578 3753 iactae
597 3698 686 3753 sordes
704 3715 757 3753 nen
775 3699 848 3753 ablui
865 3698 974 3753 idoneae
990 3700 1049 3766 Urs,
1068 3702 1095 3753 et
1112 3699 1202 3755 luctae
1219 3698 1296 3754 sordes
1335 3701 1337 3757 l

173 3786 357 3861 nonhabenis
380 3785 487 3840 idoneae
508 3788 579 3855 θοοὶ,
602 3789 633 3840 ut
654 3786 754 3839 lacteae
773 3784 843 3840 fores
861 3801 914 3840 non
930 3785 1054 3840 habentis
1071 3785 1183 3841 idoneas
1200 3789 1261 3856 laet,
1276 3786 1298 3839 ot

173 3889 264 3927 caecae
282 3873 379 3937 sordes,
398 3889 452 3926 non
469 3872 541 3926 ablui
559 3872 667 3927 idoneae
686 3873 771 3928 LFr.
788 3873 952 3940 Groaoadaa,
976 3876 1002 3927 et
1025 3872 1115 3927 allitae
1134 3875 1191 3941 (uel
1209 3873 1298 3939 tested

173 3959 262 4014 sordes
285 3976 338 4014 non
358 3959 486 4013 habentes
508 3975 559 4028 quo
583 3959 753 4013 abluerentur
775 3959 868 4013 idonee
889 3962 962 4029 sort,
985 3962 1012 4014 et
1028 3958 1129 4014 lacteae
1148 3960 1239 4016 sordes
1255 3974 1299 4014 noo

174 4047 307 4111 abeuntes,
318 4046 427 4100 idoneae
437 4047 579 4102 Hartela'us
623 4049 758 4102 3oarnem
770 4047 977 4102 Geiscarcerem
987 4048 1021 4114 Rq
1058 4048 1201 4103 ballenon
1210 4044 1301 4116 aliquid

175 4135 223 4189 del.
236 4135 292 4188 Lat
346 4135 376 4189 11
390 4133 454 4186 fimo
471 4135 535 4189 Urs:
552 4132 626 4187 fumo
639 4135 666 4189 B
721 4135 753 4189 16
772 4135 1066 4203 etmagnumaecluai,
1085 4134 1302 4203 stagnisque

175 4237 255 4273 manu
273 4221 416 4275 Hortelius
469 4223 502 4275 27
520 4219 728 4288 id-prouocant
745 4222 852 4276 seclusit
869 4221 925 4290 Rip
982 4220 1010 4273 id
1028 4220 1079 4288 est]
1097 4220 1126 4273 id
1146 4223 1187 4274 est
1205 4236 1303 4290 respen-

175 4309 230 4363 deri
239 4313 311 4380 fort,
322 4307 423 4362 scilicet
432 4309 576 4363 Heracliae
627 4307 790 4377 prouocabat
798 4308 866 4378 Rip:
878 4306 1034 4377 prouocabit
1042 4308 1077 4376 B,
1087 4309 1249 4376 prouocauit
1256 4310 1304 4364 ln
