2820 4914
153 392 217 454 374
385 390 498 456 Quinti
517 389 656 458 Septimi
675 389 841 442 Florentia
860 387 1063 441 Tertulliani

153 565 245 629 nibus
269 567 402 646 animae,
426 584 518 648 quam
543 565 695 629 ediximus
720 565 915 648 negotiosam
939 568 972 628 et
987 565 1154 628 exercitam
1169 582 1266 646 semper

153 689 189 733 ex
219 671 426 753 perpetuitate
457 671 647 751 motationis,
677 670 760 752 quod
789 669 959 733 diuinitatis
991 672 1022 732 et
1048 668 1259 732 immortal'tati

153 778 202 838 est
223 775 311 838 ratio.
347 775 441 858 igitur
464 793 536 838 cum
560 775 646 857 quies
662 773 841 856 corporibus
858 774 971 854 euenit,
996 791 1129 855 quorum
1147 775 1272 837 solacium

153 879 312 962 proprium
344 881 401 959 est,
433 897 548 943 uacans
576 879 630 943 illa
654 897 672 942 a
695 879 808 943 solacio
831 879 931 943 alieno
956 897 1017 942 non
1041 878 1175 959 quiescit
1204 882 1240 959 et,
1257 878 1276 940 si

115 1009 127 1049 a
154 986 239 1046 earet
261 1001 354 1064 opera
377 982 589 1047 membrorum
613 983 831 1066 corporalium,
855 983 919 1046 suis
942 983 1050 1046 utitur.
1088 982 1214 1064 concipe
1228 983 1277 1066 gla-

154 1089 305 1152 diatorem
332 1088 399 1152 sine
423 1088 517 1152 armis
541 1089 591 1152 uel
614 1089 756 1172 aurigam
780 1088 846 1152 sine
869 1088 1041 1168 curriculis,
1071 1089 1279 1171 gesticulantes

154 1212 280 1257 omnem
303 1192 445 1256 habitum
470 1193 543 1256 artis
568 1211 642 1257 suae
667 1196 760 1275 atque
783 1195 944 1257 conatum:
968 1196 1128 1275 pugnatur
1152 1195 1282 1271 certatur,

155 1298 210 1362 sed
233 1315 333 1361 uacua
355 1297 481 1361 iactatio
506 1300 562 1360 est.
598 1297 802 1360 nihilominus
826 1300 933 1361 tamen
956 1296 1022 1360 fieri
1045 1297 1196 1361 uidentur
1218 1315 1283 1378 quae

154 1403 221 1466 fieri
251 1407 358 1465 tamen
390 1420 451 1466 non
482 1402 642 1476 ridentum
673 1405 744 1466 actu
772 1402 855 1464 enim
879 1400 968 1482 fiunt,
1000 1400 1114 1465 effectu
1138 1419 1213 1464 uero
1234 1419 1285 1464 nou

105 1534 129 1571 ιο
155 1506 245 1571 liunt.
280 1507 361 1570 hane
384 1506 450 1569 uim
471 1506 605 1569 ecstasin
622 1506 763 1586 dicimus,
788 1525 948 1569 excessum
967 1524 1078 1569 sensus
1096 1509 1128 1570 et
1144 1507 1287 1569 amentiae

154 1612 263 1674 instar.
309 1611 353 1674 sic
377 1611 463 1674 etin
486 1610 654 1693 primordio
678 1628 806 1674 somnus
830 1629 901 1674 cum
925 1611 1040 1674 ecstasi
1063 1610 1239 1674 dedicatus:
1260 1613 1290 1673 et

155 1716 259 1780 misit
289 1716 378 1779 deus
407 1715 572 1779 ecstasin
595 1715 630 1779 in
654 1714 771 1780 Adam
795 1718 830 1779 et
853 1715 1013 1778 dormiit.
1061 1733 1192 1778 somnus
1216 1716 1290 1778 enim

155 1820 276 1903 corpori
298 1820 442 1903 prouenit
465 1820 497 1882 in
520 1820 667 1901 quietem,
691 1820 820 1884 ecstasis
843 1820 966 1884 animae
990 1820 1125 1883 accessit
1150 1819 1291 1883 aduersus

156 1925 303 2007 quietem,
327 1928 358 1988 et
380 1923 451 1987 inde
474 1924 537 1987 iam
559 1925 661 1988 forma
684 1942 830 1988 somnum
854 1925 968 1988 ecstasi
988 1924 1125 1987 miscens
1143 1927 1174 1988 et
1190 1927 1292 1987 natura

106 2055 130 2094 ra
158 2030 195 2093 de
219 2030 328 2093 forma.
375 2029 509 2111 denique
532 2032 563 2093 et
589 2028 782 2093 oblectamur
813 2031 844 2093 et
873 2028 1096 2092 contristamur
1124 2032 1157 2092 et
1181 2031 1292 2092 conter-

156 2153 261 2199 remur
292 2136 323 2198 in
355 2135 484 2198 somniis
515 2153 609 2216 quam
640 2133 750 2199 affecte
774 2137 805 2199 et
828 2135 915 2198 anxie
939 2137 971 2198 et
993 2133 1196 2216 passibiliter,
1227 2152 1290 2197 cum

157 2240 189 2303 in
219 2240 303 2302 nullo
335 2258 600 2322 permoneremur,
631 2239 779 2304 auacuis
804 2238 922 2303 scilicet
944 2236 1146 2322 imaginibus,
1178 2239 1205 2302 si
1227 2255 1290 2301 oon-

156 2348 244 2427 potes
276 2345 513 2408 somniaremus.
559 2344 691 2426 denique
722 2347 753 2408 ct
782 2344 864 2408 bona
894 2344 976 2407 facta
1006 2343 1145 2427 gratuita
1171 2343 1289 2406 suntin

158 2450 275 2513 somnis
300 2452 331 2513 et
354 2448 466 2513 delicta
489 2467 612 2523 secura;
640 2467 703 2513 non
726 2449 827 2532 magis
851 2450 935 2512 enim
958 2447 997 2512 ob
1021 2448 1124 2531 stupri
1147 2447 1289 2511 uisionen

105 2578 131 2616 1ο
158 2553 377 2617 damnabimur
411 2572 506 2635 quam
541 2553 579 2617 ob
614 2553 754 2636 martyrii
788 2552 1013 2617 coronabimur.
1069 2555 1101 2616 et
1136 2551 1289 2634 quomodo,

158 2659 272 2740 inquis,
297 2676 416 2722 memor
440 2662 487 2722 est
510 2658 703 2723 somniorum
727 2658 839 2738 anima,
864 2658 981 2722 scilicet
1003 2675 1099 2739 quam
1123 2661 1288 2739 compotem

159 2782 226 2826 esse
250 2781 312 2826 non
335 2763 428 2827 licet?
473 2763 531 2827 hoc
554 2763 613 2828 erit
635 2764 807 2846 proprietas
831 2763 987 2826 amentiae
1009 2761 1114 2842 huius,
1142 2762 1290 2843 quianon

158 2867 194 2931 fit
226 2886 261 2930 cx
292 2868 467 2951 corruptela
496 2867 597 2932 bonae
618 2866 621 2952 1
642 2867 841 2947 ualetudinis
873 2868 927 2931 sed
950 2886 986 2930 ex
1008 2866 1130 2930 ratione
1153 2870 1333 2940 naturae;f.1t

159 2990 216 3035 nec
240 2972 324 3036 enim
348 2973 541 3053 exterminat,
566 2973 620 3036 sed
644 2976 754 3037 auocat
776 2976 925 3036 mentem.
960 2971 1044 3036 aliud
1061 2974 1109 3034 est
1126 2975 1291 3049 concutere,

99 3100 132 3138 aa
160 3077 245 3140 aliud
275 3094 411 3158 mouere,
442 3077 526 3141 aliud
550 3081 698 3157 euertere,
730 3077 813 3141 aliud
836 3078 963 3160 agitare.
1010 3075 1106 3159 igitur
1129 3076 1214 3157 quod
1236 3094 1292 3138 mc·

159 3182 258 3244 moria
281 3183 428 3264 suppetit,
460 3183 577 3246 sanitas
602 3182 715 3245 mentis
740 3184 796 3262 est,
828 3181 909 3262 quod
932 3180 1049 3245 sanitas
1073 3181 1191 3243 mentis
1215 3180 1294 3244 salua

160 3286 311 3349 memoria
334 3307 374 3347 11
398 3291 513 3368 stupet,
538 3288 692 3351 amentiae
715 3305 814 3370 genus
839 3289 896 3349 est.
931 3284 1061 3366 ideoque
1085 3302 1149 3348 non
1171 3284 1294 3348 dicimm

159 3390 271 3470 furere,
303 3389 357 3453 sed
385 3391 555 3465 somniare;
586 3392 654 3455 ideo
685 3394 717 3454 et
747 3390 927 3474 prudentes,
958 3389 985 3452 si
1017 3389 1150 3470 quando,
1184 3405 1294 3452 sumus.

160 3513 269 3577 sapere
293 3495 377 3557 enim
400 3498 544 3559 nostrum
565 3496 640 3558 licet
655 3494 869 3575 obumbretur,
893 3497 1078 3558 nontamen
1095 3493 1294 3576 extinguitnr;

108 3621 134 3659 ao
160 3599 220 3662 nisi
250 3599 331 3679 quod
359 3602 389 3662 et
412 3599 515 3680 ipsum
539 3602 641 3681 potest
664 3599 763 3663 uideri
784 3616 896 3663 uacare
920 3602 1005 3679 tunc,
1037 3598 1174 3662 ecstasin
1197 3599 1296 3662 autem

266 3806 308 3876 11]
329 3807 394 3861 oen.
408 3809 432 3873 2,
445 3809 486 3863 21.

205 4001 221 4052 2
244 4015 273 4051 cx
298 3999 333 4066 A,
357 4001 383 4052 ct
405 4001 433 4053 B
502 4000 518 4053 4
541 3999 679 4068 proprium
703 4018 753 4054 ora.
775 4000 801 4053 A
872 4002 887 4053 7
912 3998 977 4052 artis
996 4015 1058 4052 suae
1077 4000 1158 4065 atque
1177 4001 1300 4051 conatum

161 4103 211 4139 ora
231 4086 258 4139 A
325 4086 437 4141 8iactio
456 4088 483 4140 A
556 4089 588 4142 lc
607 4087 708 4139 extasin
726 4087 782 4141 AB
799 4088 839 4142 sic
856 4104 960 4156 aerrcpcr
1022 4088 1053 4140 12
1073 4084 1185 4138 dormiit
1204 4087 1241 4154 A,
1260 4084 1301 4138 ob·

162 4171 291 4225 dormiuit
313 4174 340 4226 B
429 4176 460 4229 16
488 4176 514 4226 et
532 4176 669 4243 posterius
691 4192 741 4229 oue.
761 4176 788 4229 A
878 4176 910 4229 18
934 4174 957 4226 ei
977 4174 1005 4227 B
1077 4174 1109 4226 19
1133 4171 1167 4225 ob
1186 4173 1303 4242 tupriA

161 4261 195 4312 22
214 4258 325 4311 ametiac
338 4261 365 4312 A
418 4263 450 4315 27
469 4263 595 4315 lacunam
608 4263 733 4331 siprcauc':
751 4263 945 4317 interciderant
959 4262 1029 4315 talia
1046 4259 1190 4324 indicatur,
1212 4263 1234 4314 si
1254 4278 1305 4315 mc-

162 4344 245 4397 moria
307 4344 417 4413 ideoque
436 4347 471 4415 A,
490 4347 549 4400 ideo
568 4350 595 4401 B
648 4347 761 4402 dicimus
780 4350 807 4403 A
826 4367 892 4404 corr.
946 4349 981 4403 30
999 4347 1095 4400 ecstasi
1114 4348 1264 4405 Hartcla'as
