2820 4914
682 1038 740 1121 VI.

521 1248 591 1311 DE
613 1246 900 1311 ORATIONE.

191 1465 218 1526 1.
242 1433 306 1525 Dei
332 1462 459 1542 spiritus
484 1465 514 1524 et
538 1461 586 1523 dei
610 1479 711 1523 serino
736 1463 766 1522 ut
790 1461 838 1523 dei
863 1461 951 1541 ratio,
976 1479 1078 1525 sermo
1101 1463 1235 1525 rationis
1259 1467 1334 1527 citu

146 1570 223 1633 ratio
252 1566 402 1630 sunnonis
431 1569 462 1629 ct
491 1566 616 1646 spiritus
644 1566 819 1646 utriusque,
849 1565 937 1628 Iosus
967 1565 1109 1629 Christus
1141 1567 1289 1634 dominus

107 1702 119 1740 a
147 1677 251 1737 nostor
276 1672 365 1735 nouis
390 1670 550 1753 discipulis
573 1671 645 1733 noui
663 1671 842 1733 testanrenti
859 1688 972 1734 nouanr
989 1671 1137 1735 orationis
1153 1672 1290 1738 formam

147 1775 375 1841 deterrninauit.
424 1773 586 1856 oportebat
617 1775 700 1837 enirn
731 1775 761 1837 in
793 1774 852 1836 lrao
882 1793 1005 1856 quoque
1035 1775 1139 1858 specie
1170 1795 1292 1842 nouum

147 1884 256 1946 uinunr
285 1881 373 1944 nouis
401 1879 523 1943 utribus
550 1880 675 1942 recondi
704 1883 734 1942 ct
761 1897 875 1942 nouarn
903 1880 1065 1962 plagulam
1093 1899 1173 1944 nouo
1203 1883 1291 1946 adsui

148 1987 345 2051 uestimento.
403 1988 539 2047 cctcruru
570 1983 715 2065 quicquid
747 1987 828 2047 retro
859 1984 975 2064 fuerat,
1007 1987 1062 2048 aut
1091 1985 1291 2050 demutatum

149 2096 209 2171 cst,
238 2094 273 2154 ut
301 2090 508 2168 circumcisio,
540 2092 594 2151 aut
622 2088 816 2170 suppletum,
848 2092 884 2151 ut
911 2088 1031 2169 reliqua
1057 2090 1121 2170 lex,
1150 2095 1206 2154 aut
1235 2092 1293 2154 inr-

96 2225 121 2263 10
147 2198 278 2280 pletunr,
303 2198 336 2258 ut
358 2194 528 2277 prophetia,
552 2197 607 2256 aut
629 2194 813 2275 perfectum,
842 2197 876 2256 ut
899 2192 975 2256 fides
1000 2193 1076 2275 ipsa.
1123 2197 1233 2259 omnia
1256 2197 1293 2259 de

149 2300 326 2365 carnalibus
356 2300 386 2362 in
416 2298 567 2380 spiritalia
593 2298 757 2361 renouauit
785 2314 866 2360 noua
894 2297 943 2360 dci
971 2298 1072 2380 gratia
1103 2300 1294 2381 superducto

150 2405 321 2489 euangelio,
346 2407 532 2486 expunctore
554 2405 649 2466 totius
670 2406 750 2465 retro
772 2402 950 2481 cohortatio,
974 2403 1004 2465 in
1027 2421 1087 2484 quo
1110 2406 1141 2466 et
1156 2404 1207 2467 dci
1232 2405 1296 2487 spi-

151 2512 231 2575 ritus
256 2513 287 2572 et
311 2509 359 2571 doi
383 2526 485 2571 sernro
510 2511 540 2570 ot
563 2508 611 2569 dci
635 2508 712 2570 rat-io
737 2505 925 2589 approbatus
950 2509 997 2570 est
1018 2507 1161 2571 dominus
1188 2513 1297 2572 noster

150 2617 239 2679 Iesus
268 2613 425 2692 Christus,
457 2613 584 2694 spiritus
613 2631 673 2693 quo
701 2612 815 2692 ualuit,
847 2629 949 2674 serino
976 2630 1036 2692 quo
1065 2611 1183 2693 docuit,
1216 2615 1297 2677 ratio

100 2747 124 2785 15
152 2739 213 2803 qua
242 2719 337 2795 ucrrit.
392 2718 436 2780 sic
467 2718 561 2800 igitur
591 2717 689 2780 oratio
721 2735 739 2779 a
766 2715 888 2780 Christo
924 2716 1094 2780 constituta
1124 2736 1159 2779 ex
1193 2717 1297 2781 tribus

152 2826 323 2889 constituta
351 2827 410 2886 ost:
443 2842 477 2884 er
507 2840 664 2900 somnone,
696 2839 756 2902 quo
785 2821 979 2900 enuntiatur,
1012 2840 1047 2883 ex
1075 2821 1203 2902 spiritu,
1236 2842 1299 2903 quo

153 2932 278 2994 tanturn
302 2930 412 3010 potest,
437 2947 472 2990 ex
495 2927 623 3004 rationo,
648 2944 709 3006 qua
732 2926 867 2988 docetur.
915 2925 1059 2989 docuerat
1083 2928 1114 2989 et
1135 2926 1299 2991 Iohannes

154 3033 319 3114 discipulos
340 3050 412 3094 suos
433 3032 574 3104 adorare3
599 3031 653 3093 sed
677 3031 782 3093 onrnia
801 3030 949 3093 Iohannis
969 3029 1093 3094 Christo
1117 3035 1301 3112 praestrue-

153 3137 282 3216 bantur,
311 3137 407 3199 donec
435 3136 502 3217 ipso
531 3138 635 3214 aucto,
664 3135 745 3198 sicut
767 3135 850 3197 idern
873 3134 1028 3198 lohannes
1051 3136 1302 3216 praenuntiabat

102 3269 128 3308 ao
154 3243 243 3305 illurn
274 3242 379 3324 augeri
410 3243 565 3322 oportere,
598 3260 630 3302 se
662 3256 735 3302 uero
766 3239 918 3318 ‹lerrrinui,
950 3243 1052 3302 totum
1081 3240 1303 3322 praeministri

154 3366 231 3429 opus
255 3365 326 3409 cunr
350 3346 416 3428 ipso
441 3344 553 3428 spiritu
577 3345 725 3407 transiret
748 3345 786 3407 ad
809 3343 979 3407 dominum.
1027 3344 1095 3407 ideo
1119 3363 1178 3408 nec
1203 3349 1302 3426 extat,

155 3453 188 3515 in
211 3469 289 3532 quae
314 3451 411 3514 uerba
434 3449 572 3514 docuerit
596 3449 752 3512 Iohannes
776 3449 914 3527 adorare,
943 3448 1024 3530 quod
1048 3451 1173 3512 terrena
1197 3452 1303 3514 caele-

259 3623 286 3690 o]
306 3622 339 3674 cf.
353 3622 448 3675 Matth.
462 3626 486 3687 9,
501 3625 539 3676 lo.
556 3624 595 3676 17.
652 3620 694 3688 19]
715 3620 748 3672 of.
761 3619 818 3672 Ioh.
832 3621 855 3683 3,
869 3622 909 3674 30.

200 3783 215 3834 2
234 3797 266 3834 ru.
280 3797 329 3835 rec.
343 3797 409 3834 succ.
424 3780 502 3833 XVI
515 3781 545 3832 ln
557 3795 639 3832 uersa
651 3795 726 3846 procare
741 3778 870 3831 librarios
888 3794 1007 3832 uacuum
1024 3778 1171 3846 reliquerat
1189 3782 1303 3849 scripsit

157 3869 195 3920 Do
215 3866 332 3919 oratione
345 3868 371 3920 A
424 3869 441 3920 4
458 3867 595 3932 utriusque
614 3866 724 3933 paidom
743 3866 774 3918 in
787 3865 895 3919 artiscell.
909 3865 1009 3918 obsera
1023 3868 1074 3932 3,1
1084 3882 1113 3933 p.
1126 3868 1182 3919 220
1199 3868 1247 3933 (=
1259 3869 1303 3934 xl:

157 3958 299 4020 utrumque
317 3955 372 4008 AB
435 3953 545 4007 5n0nis
564 3953 649 4005 Pone:
667 3951 742 4004 nobis
761 3952 816 4005 AB
878 3951 1024 4002 orationem
1044 3952 1071 4004 A
1129 3953 1256 4024 dspecie
1276 3956 1303 4008 A

159 4044 189 4097 11
210 4040 359 4109 spiritualia
377 4042 404 4094 B
463 4043 494 4095 15
514 4056 564 4107 qua
583 4040 653 4092 Lot:
671 4055 723 4106 quo
740 4039 795 4092 AB
848 4037 933 4106 uouit]
953 4039 1089 4105 promouit
1104 4040 1162 4093 Lat
1217 4041 1304 4108 igitur

158 4128 241 4181 oratio
268 4128 337 4197 lup.-
361 4127 443 4195 igitur
469 4128 531 4194 AB,
556 4125 640 4178 oratio
667 4126 716 4179 Gcl
787 4125 913 4177 instituta
936 4143 955 4178 a
1026 4128 1059 4179 16
1083 4127 1247 4180 enunciatur
1275 4130 1302 4182 A

160 4217 191 4268 17
209 4218 304 4283 potest,
329 4230 358 4266 ex
376 4214 478 4266 ratione
497 4230 549 4280 qua
574 4212 684 4264 docetur
702 4212 858 4280 (suscipitur
875 4212 942 4280 Rip)
960 4212 1024 4266 add.
1048 4212 1119 4266 Para
1191 4213 1303 4268 ioannes

158 4301 185 4353 B
203 4303 242 4357 sic
259 4303 315 4370 fere
332 4317 434 4370 serrrper
489 4302 521 4355 18
539 4315 612 4352 orare
637 4300 687 4354 Urs
743 4301 774 4354 19
793 4298 849 4367 ipso
867 4316 918 4353 om.
938 4299 965 4351 A

28 4540 136 4612 fi
