2820 4914
421 381 481 433 Vll.
501 382 545 433 De
563 379 727 448 baptismo
747 384 857 436 lit-12.
1147 382 1207 444 {ill

63 554 132 618 ista
152 556 396 639 praescriptione
420 557 570 639 apostolis
593 556 679 619 salus
702 560 870 638 competat,
902 574 979 637 quos
1010 557 1124 619 tinctos
1150 574 1213 620 non

66 657 250 722 inuenimus
284 660 317 724 in
353 660 478 725 domino
512 664 635 743 praeter
664 661 809 723 Paulum.
856 660 954 724 immo
989 679 1060 723 cum
1093 660 1212 724 Paulus

67 763 155 826 solus
186 783 223 826 ex
252 764 315 827 illis
345 765 540 848 baptismum
563 764 679 828 Christi
705 765 853 844 induerit,
884 770 940 844 ant
965 765 1213 847 praeiudicatum

68 885 137 931 esse
161 866 199 930 de
222 872 396 932 ceterorum
419 869 555 952 periculo
578 870 632 949 qui
655 875 782 932 careant
806 887 888 950 aqua
911 868 1040 947 Christi,
1063 873 1096 931 ut
1120 888 1212 952 prae-

68 972 196 1053 scriptio
220 974 309 1037 salua
330 974 383 1053 111,
416 977 470 1060 apt
492 973 625 1037 rescindi
647 974 935 1056 praescriptionem,
966 974 993 1036 si
1024 974 1118 1037 etiam
1150 992 1211 1037 non
1250 1000 1266 1039 s

67 1075 177 1150 tinctis
206 1077 292 1153 salus
315 1080 433 1141 statuta
456 1081 514 1141 est.
560 1078 677 1157 audiui,
708 1078 833 1142 domino
858 1082 949 1157 teste,
979 1078 1142 1157 eiu-smodi,
1173 1097 1212 1140 ne

66 1181 137 1261 quis
162 1199 212 1244 me
234 1185 301 1244 tam
322 1183 481 1264 perditum
504 1183 670 1262 existimet,
702 1188 735 1246 ut
769 1182 850 1246 ultro
882 1183 1054 1266 excogitem
1082 1181 1212 1245 libidine

65 1285 141 1365 stili,
170 1303 249 1366 quae
272 1287 341 1349 aliis
364 1287 546 1368 scrupulum
568 1288 730 1351 incutiant.
771 1292 802 1350 et-
825 1306 908 1350 nunc¹
930 1287 1003 1366 illis,
1034 1290 1069 1350 ut
1092 1291 1211 1368 potero,

63 1388 273 1472 respondebo,
302 1391 356 1472 qui
380 1395 496 1474 negant
524 1392 680 1473 apostolos
712 1392 836 1454 tinctos.
875 1410 949 1454 nam
980 1392 1008 1454 si
1037 1390 1211 1454 humanum

62 1493 217 1557 Iohannis
239 1494 433 1578 baptismum
456 1496 589 1559 Inierant
614 1500 644 1560 et
668 1496 859 1559 dominicum
883 1495 1113 1574 desiderabant,
1136 1513 1211 1577 qua·
1239 1525 1264 1581 1⁰.

62 1602 161 1662 tenus
190 1617 289 1662 unum
318 1599 511 1681 baptismum
539 1599 700 1663 definierat
729 1601 796 1681 ipse
820 1601 965 1663 domiuus
990 1601 1094 1663 dicens
1118 1599 1211 1663 Pet-ro

59 1703 212 1786 perfundi
227 1704 360 1767 uolenti:
383 1705 446 1786 qui
466 1705 581 1768 semel
602 1705 711 1785 lauit,
735 1723 806 1768 non
827 1703 939 1768 habet
959 1723 1112 1768 necesse
1134 1723 1211 1767 rur-

60 1825 163 1886 sum,
193 1808 276 1889 quod
306 1809 411 1890 utique
442 1826 504 1871 non
535 1810 632 1872 tincto
659 1827 721 1891 non
750 1809 877 1872 omnino
905 1808 1048 1888 dixisset,
1076 1808 1210 1890 ethaeo

59 1914 115 1974 est
138 1911 279 1995 probatio
303 1916 409 1976 exerta
431 1913 581 1976 aduersus
605 1914 674 1976 illos
698 1913 753 1994 qui
775 1914 919 1977 adimunt
942 1912 1090 1995 apostolis
1114 1914 1210 1975 etiam

58 2015 215 2079 Iohannis
229 2014 434 2099 baptismum,
457 2021 492 2080 ut
508 2017 669 2080 destruant
687 2036 786 2098 aquae
803 2020 1047 2081 sacramentum.
1083 2035 1123 2081 an
1144 2036 1210 2079 ere·
1238 2045 1263 2084 is

59 2118 162 2182 dibile
184 2118 282 2183 uideri
303 2124 407 2203 potest
429 2122 461 2185 in
485 2121 534 2184 his
557 2122 699 2204 personis
716 2123 802 2201 ulam
818 2126 893 2185 tunc
909 2122 1027 2186 domini
1042 2140 1105 2185 non
1120 2140 1210 2204 prae-

58 2215 255 2316 paratamsid
278 2228 326 2288 est
346 2224 543 2306 baptismum
558 2226 721 2305 IohanniS,
743 2244 820 2307 quae
844 2226 883 2289 ad
907 2229 992 2289 uiam
1015 2225 1133 2289 domini
1154 2245 1210 2309 per

59 2331 169 2392 totum
191 2327 299 2393 orbem
322 2330 523 2412 aperiendam
543 2330 803 2393 destinabantur?
841 2332 907 2412 ipse
928 2330 1072 2394 dominus
1093 2329 1209 2392 nullius

60 2432 276 2515 paenitendae
291 2432 412 2497 debitor
432 2435 551 2510 tinctus
572 2439 633 2497 est:
658 2434 873 2516 peccatoribus
896 2453 958 2498 non
979 2434 1038 2497 fuit
1059 2436 1209 2497 necesse?

62 2536 149 2618 quod
172 2555 244 2619 ergo
267 2537 320 2601 alii
342 2538 434 2602 tincti
453 2557 516 2602 non
537 2542 621 2618 sunt,
645 2557 707 2603 non
728 2542 835 2602 tamen
853 2539 984 2602 comites
1002 2537 1128 2617 Christi,
1153 2536 1208 2600 sed
1234 2566 1261 2604 11

62 2641 183 2705 aemuli
203 2640 287 2721 fidei,
309 2642 390 2725 legis
413 2643 555 2707 doctores
579 2646 612 2706 et
633 2643 816 2707 Pharisaei?
853 2643 936 2706 unde
960 2646 991 2705 et
1019 2642 1207 2724 suggeritur,

62 2763 138 2809 cum
168 2746 370 2811 aduersantes
401 2747 518 2810 domini
546 2747 649 2830 tingui
679 2747 847 2827 noluerInt,
879 2765 931 2810 eos
962 2747 1015 2826 qui
1046 2745 1207 2808 domiuum

61 2850 277 2932 sequebantur
298 2852 413 2916 tinctos
437 2852 532 2915 tuisse
556 2871 613 2916 nee
634 2871 705 2915 cum
726 2852 858 2915 aemulis
879 2852 943 2914 suis
964 2851 1115 2933 sapuisse,
1140 2869 1206 2913 ma-

60 2957 145 3019 xime
167 2956 290 3038 quando
313 2957 469 3038 dominus,
499 2958 549 3020 oui
572 2956 793 3037 adhaerebant,
826 2956 1005 3021 testimonio
1032 2955 1206 3019 Iohannem

62 3060 237 3141 extulisset,
268 3079 388 3142 nemo,
419 3062 535 3142 dloenS,
566 3063 682 3126 maior
711 3063 810 3125 inter
841 3064 948 3125 natos
981 3061 1205 3124 feminarum
1232 3088 1259 3127 11

61 3165 228 3230 Iohanne
258 3165 503 3249 baptizatore.
543 3167 597 3229 alii
619 3167 711 3249 plane
735 3166 812 3229 satis
835 3168 940 3229 coacte
971 3166 1102 3228 iniciunt
1130 3168 1206 3228 tune

61 3270 219 3352 apostolos
249 3269 402 3352 baptismi
424 3271 527 3334 uicem
550 3271 709 3352 implesse,
740 3289 812 3333 eum
836 3271 867 3334 in
892 3270 1037 3333 nauicula
1058 3268 1205 3333 fluctibus

61 3373 204 3456 adspersi
226 3375 326 3457 operti
348 3378 436 3448 sunt;
468 3375 573 3458 ipsum
603 3393 726 3456 quoque
748 3375 879 3438 Petrum
909 3393 964 3456 per
987 3391 1073 3436 mare
1102 3375 1206 3455 ingre-

169 3553 212 3624 12]
231 3553 288 3608 Iob.
303 3512 389 3619 rad
436 3554 482 3624 25]
501 3554 584 3608 Matr.
600 3556 641 3619 11,
656 3557 696 3610 11.

107 3722 122 3775 1
140 3720 346 3789 praescriptione
363 3722 444 3791 Bmp,
465 3722 522 3787 Get,
541 3721 749 3789 praescriptione
767 3719 978 3788 praestructione
997 3721 1024 3774 Β
1078 3722 1093 3773 d
1112 3719 1204 3772 tinctis

64 3807 130 3862 Gcl:
147 3807 248 3861 tinctus
266 3809 294 3862 Β
356 3808 384 3860 in
402 3807 534 3860 eiusmodi
552 3808 593 3873 Β,·
610 3808 638 3859 in
657 3809 706 3862 del.
728 3808 778 3861 Gal
835 3808 900 3861 7ut
918 3807 988 3860 Lot:
1006 3808 1033 3858 et
1050 3807 1078 3860 Β
1131 3822 1205 3857 exco-

60 3894 146 3963 gItem
169 3894 307 3950 chlcraos:
325 3895 456 3962 excogitet
474 3896 510 3962 B,
530 3894 645 3962 exagitet
666 3895 723 3960 Gal,
743 3894 873 3961 exagitem
893 3894 949 3947 Lot
1006 3891 1117 3945 libidine
1141 3895 1207 3948 Urs:

59 3978 202 4035 libidinem
220 3983 248 4036 Β
319 3981 471 4037 8inoutiat
490 3981 541 4036 cer
612 3984 643 4037 11
668 3980 813 4034 definiebat
836 3982 886 4035 Urs
958 3982 991 4034 12
1013 3979 1114 4032 uolenti
1136 3982 1205 4034 Ietta:

60 4067 165 4122 nolenti
182 4070 210 4123 Β
267 4071 300 4124 18
319 4068 543 4123 destinabantur?
562 4068 618 4136 ipse
639 4068 702 4123 Ger:
721 4067 906 4121 destinabatur
924 4067 979 4138 ipse
998 4069 1025 4121 Β
1088 4069 1121 4120 20
1140 4067 1204 4133 quid

59 4171 125 4224 ergo
144 4156 216 4210 Pom
268 4154 341 4209 siut?
364 4156 416 4211 Urs
469 4157 501 4210 21
521 4154 584 4207 fidei
602 4157 687 4209 Paro:
704 4154 757 4207 fide
775 4155 802 4208 Β
856 4155 1078 4224 interrogat-ionis
1095 4155 1204 4224 siparum.

53 4245 143 4313 posui
193 4245 227 4298 22
246 4245 350 4295 etcum
370 4242 589 4310 B;etdel.Gel
641 4244 675 4296 23
694 4258 742 4294 nec
762 4241 825 4295 Cel:
844 4257 876 4293 ne
895 4242 923 4295 Β
970 4239 1203 4306 24110111Β;11

57 4331 111 4385 det.
133 4329 183 4384 eea
235 4331 269 4385 28
288 4328 426 4382 dominum
446 4329 560 4397 opperiti
577 4331 641 4397 fort.
695 4329 780 4397 operti
800 4328 900 4395 aspersi
918 4329 1062 4383 Hortelios

999 4414 1047 4464 14*

1181 4512 1344 4634 fl
