2820 4914
160 415 223 477 2⁴7ss
392 414 504 479 Quinti
525 413 663 482 Septimi
682 413 851 466 Florentia
870 412 1071 466 Tertulliani

162 589 296 652 Matrem
327 591 480 652 certorum
511 589 683 651 eduliorum
715 589 893 671 exceptione
916 586 1099 670 purificant,
1131 607 1201 650 eum
1224 588 1330 659 tides

159 694 257 757 libera
288 695 319 756 iu
344 694 468 757 t‘bristo
500 713 537 756 ne
561 694 706 756 Iudaicae
737 693 863 773 quidem
890 693 952 775 legi
975 692 1203 756 abstinentiam
1225 712 1314 773 quo‘

160 799 292 861 rumtam
317 797 456 861 ciborum
480 797 601 877 debeat,
626 797 722 859 semel
746 798 776 859 iu
802 801 904 860 totum
920 797 1091 859 macellum
1108 797 1148 859 ab
1165 801 1297 878 apostolo

159 903 310 982 admissa,
342 903 529 965 detestatore
561 919 666 965 eorum
699 901 751 981 qui
780 901 861 964 siout
884 900 1001 964 nubere
1024 900 1281 983 p1·ohibeant‚ita

120 1033 132 1072 5
160 1006 288 1070 iubeant
318 1005 395 1069 cibis
427 1005 581 1069 abstinere
610 1025 628 1068 a
653 1005 708 1068 deo
732 1005 873 1068 conditis.
920 1009 952 1068 et
974 1004 1043 1068 ideo
1068 1023 1126 1068 nos
1151 1023 1215 1068 esse
1232 1005 1276 1066 ian

159 1114 232 1173 tunc
262 1113 461 1192 praenotatos
492 1111 528 1172 in
552 1109 770 1173 nouissimis
794 1108 1026 1190 temporibus
1051 1109 1272 1172 abscedentes

159 1214 282 1293 elide,
306 1214 546 1278 intendentes
563 1213 764 1295 spiritibus
781 1212 906 1275 mundi
922 1213 1199 1292 seductoribus
1217 1212 1273 1274 doc·

159 1320 269 1382 trinis
294 1319 659 1398 mendaciloquorum
694 1317 859 1380 inustam
894 1317 1077 1381 habentes
1112 1317 1273 1381 conscien-

158 1424 257 1487 tiam.
305 1422 425 1504 quibus,
457 1441 509 1486 oro
533 1427 574 1498 tc,
604 1421 750 1504 ignibus?
784 1421 885 1502 oredo,
916 1421 1030 1503 quibus
1060 1422 1185 1503 nuptias
1208 1436 1275 1499 saepe

109 1557 132 1590 ιο
159 1528 340 1590 deducimus
358 1531 497 1590 eternas
514 1526 650 1606 quotidie
674 1527 857 1606 coquimus?
885 1525 930 1589 sio
953 1528 984 1589 et
1007 1543 1081 1589 cum
1101 1524 1216 1590 Galatis
1235 1539 1276 1586 uos

159 1651 279 1713 quoque
295 1632 413 1713 percuti
431 1632 519 1694 aiunt
535 1631 751 1694 obseruatores
773 1630 892 1693 dierum
915 1634 946 1694 et
968 1632 1127 1693 mensium
1152 1635 1279 1693 919999-

159 1755 237 1798 rum.
274 1736 446 1799 iaculantur
466 1735 584 1797 interea
606 1740 636 1797 et
652 1734 777 1797 Esaiam
800 1735 1035 1816 pronuntiasse:
1062 1752 1133 1798 non
1156 1734 1226 1797 tale
1243 1733 1280 1794 ie·

159 1839 300 1902 iunium
324 1839 493 1902 domiuus
518 1839 646 1921 elegit,
671 1838 700 1900 id
725 1841 856 1902 estnon
880 1838 1105 1902 abstinentiam
1137 1837 1205 1918 cibi,
1233 1834 1282 1899 sed
1328 1860 1330 1930 ζ

159 1962 269 2026 opera
292 1944 478 2023 iustitiae,
502 1961 594 2024 quae
611 1943 791 2017 subterit3
816 1948 846 2006 ct
861 1944 964 2025 ipsum
980 1943 1142 2007 dominum
1158 1944 1189 2005 in
1205 1959 1284 2004 euan-

108 2075 131 2112 9.
159 2049 240 2130 gelio
256 2048 294 2111 ad
310 2067 435 2111 omnem
452 2048 533 2110 circa
549 2048 667 2110 uictum
684 2047 956 2128 scrupulositatem
973 2047 1159 2129 compendio
1175 2064 1285 2128 respon·

159 2153 251 2231 disse,
276 2171 336 2216 non
360 2152 409 2214 his
426 2152 646 2215 communicari
664 2151 823 2215 hominem
848 2170 926 2232 quae
943 2152 975 2214 in
991 2170 1024 2215 os
1042 2153 1224 2231 interantur,
1242 2150 1286 2213 sed
1317 2136 1320 2146 ’

159 2275 237 2338 quae
255 2277 289 2319 ex
306 2275 357 2319 ore
373 2257 579 2337 proterantur,
596 2273 666 2318 cum
680 2259 711 2318 et
723 2257 788 2338 ipse
802 2256 1004 2320 manducaret
1016 2260 1048 2320 et
1063 2255 1187 2320 biberet
1202 2273 1287 2335 usque

159 2363 189 2424 in
214 2362 420 2424 notationem:
451 2378 532 2422 9999
556 2360 661 2422 homo
686 2363 836 2424 uorator
859 2362 895 2423 et
917 2362 1081 2443 potator!
1106 2361 1152 2424 sic
1175 2363 1206 2424 et
1227 2377 1289 2441 apo·

159 2466 275 2529 stolum
296 2466 415 2544 docere,
439 2465 519 2545 quod
542 2483 626 2527 esca
647 2484 710 2528 uos
732 2464 796 2527 deo
818 2482 888 2528 non
909 2465 1159 2545 commendet,
1182 2483 1289 2546 neque

105 2596 130 2633 aa
158 2569 407 2649 abundantes,
432 2570 462 2631 si
483 2569 648 2648 edamus,
674 2586 790 2650 neque
814 2568 1052 2648 deficientes,
1077 2568 1200 2633 sinon
1221 2569 1290 2631 eda·

157 2694 244 2737 mus
291 2674 339 2736 his
363 2677 394 2736 ct
416 2672 594 2736 huiusmodi
615 2671 757 2737 sensibus
781 2691 816 2736 eo
837 2673 899 2736 iam
921 2672 1076 2736 subtiliter
1097 2673 1241 2753 tendunt,
1262 2676 1292 2734 ut

156 2778 371 2860 unusquisque
383 2778 506 2860 pronior
519 2778 620 2840 uentri
632 2778 731 2858 possit
747 2795 940 2858 superuacua
956 2795 1012 2840 nec
1029 2777 1106 2845 adeo
1123 2777 1291 2842 necessaria

158 2884 332 2945 existimare
357 2882 471 2945 sublati
489 2882 536 2944 uel
561 2881 713 2944 deminuti
738 2882 787 2943 uel
812 2882 964 2945 demorati
988 2880 1050 2945 cibi
1073 2881 1188 2962 officia,
1212 2901 1292 2966 prae·

157 2991 290 3068 ponente
319 2986 435 3049 scilicet
463 2985 519 3048 deo
543 2985 680 3049 iustitiae
704 2988 736 3048 et
758 2985 953 3049 innocentiae
976 3003 1077 3068 opera.
1119 2990 1151 3050 et
1174 2988 1293 3064 scimus,

105 3117 130 3154 25
158 3092 263 3171 quales
287 3091 349 3152 sint
372 3090 543 3153 carnalium
567 3089 799 3153 commodorum
824 3090 991 3170 suasoriae,
1020 3108 1117 3171 quam
1139 3090 1232 3154 facile
1254 3091 1293 3153 di-

157 3197 258 3257 catur:
288 3213 364 3276 opus
388 3196 436 3257 est
459 3194 497 3257 de
521 3193 594 3256 totis
621 3193 808 3275 praecordiis
833 3193 966 3274 credam,
998 3193 1128 3276 diligam
1151 3196 1246 3259 deum
1268 3197 1294 3257 et

156 3300 331 3381 proximum
356 3302 517 3379 tamquam
548 3316 606 3360 me.
652 3298 683 3361 in
713 3298 760 3360 his
786 3299 868 3361 euim
892 3298 1010 3362 duobus
1034 3300 1214 3382 praeceptis
1236 3303 1295 3365 tota

156 3404 204 3465 lex
234 3403 349 3484 pendet
380 3406 411 3465 et
440 3403 619 3484 prophetae,
650 3420 712 3466 non
738 3402 769 3465 in
799 3403 984 3483 pulmonum
1016 3406 1047 3466 et
1076 3403 1294 3469 intestinorum

157 3525 297 3571 meorum
321 3505 480 3570 inanitate.

260 3678 287 3746 3]
309 3677 342 3731 91.
363 3680 375 3732 l
397 3677 566 3742 09911125.
639 3679 666 3748 d]
686 3679 719 3733 91.
740 3679 954 3748 lTim.4,1sq.
1028 3679 1072 3749 10]
1092 3680 1126 3734 cf.
1146 3679 1245 3745 (1914,
1259 3684 1294 3736 lo.

158 3765 201 3833 12]
215 3764 257 3817 Es,
269 3766 383 3831 59,4sq.
423 3764 690 3833 15]cf.Marc.7‚15.
730 3767 773 3834 18]
787 3766 882 3820 Matth.
898 3769 991 3831 11‚1e.
1030 3765 1073 3835 19]
1088 3766 1225 3823 911099.
1238 3770 1261 3833 8,
1273 3770 1293 3822 8.

198 3923 215 3975 4
235 3920 393 3974 detestatore
408 3922 471 3975 cer:
490 3921 521 3974 de
540 3923 667 3975 testatore
680 3923 707 3976 B
760 3927 776 3978 9
796 3923 874 3976 credo
889 3923 952 3978 Gal:
970 3922 1047 3977 trado
1059 3924 1087 3977 B
1144 3928 1178 3980 15
1198 3925 1293 3979 uictum

162 4009 226 4063 Urs:
244 4008 330 4060 uictus
350 4010 376 4062 Β
431 4011 463 4062 16
477 4009 666 4061 communicari
683 4010 711 4078 Ο,
725 4009 890 4077 coinquinari
909 4010 936 4064 B
989 4011 1023 4064 22
1046 4026 1215 4079 superuacua
1238 4012 1294 4066 Gai:

156 4095 384 4164 superuacuamB
438 4095 584 4147 necessaria
597 4097 660 4150 oea·
673 4097 880 4150 necessariamB
933 4096 1294 4154 23s11b1ariPam:di1atiB

156 4182 282 4234 diminuti
311 4183 360 4236 oet
448 4181 548 4244 officia,
580 4187 758 4251 praeponente
788 4183 851 4238 Gal:
882 4183 1017 4237 officinam
1045 4192 1243 4254 praeponentes
1263 4188 1293 4253 B,

155 4269 252 4333 officia,
270 4271 442 4337 praepotente
463 4270 535 4338 Soet,
559 4269 647 4323 officia
664 4274 855 4339 praeponentes
874 4273 930 4326 Ideo
1000 4273 1033 4326 27
1053 4274 1186 4341 tanquam
1206 4291 1248 4329 me
1264 4275 1295 4339 B,

156 4356 267 4408 mibiC

1152 4539 1171 4585 N
