2820 4914
471 385 502 439 V.
522 385 693 454 Scorpiaoe
714 387 823 440 10-11.
1156 382 1214 444 171

66 564 220 647 ceperint
249 567 380 627 uentum
411 563 692 647 argumentationis
723 562 835 645 scorpii
864 562 931 641 isti,
970 578 1154 642 quoeunque
1185 578 1217 622 se

68 669 222 732 acumine
244 668 434 751 inpegerint,
462 686 525 731 una
545 665 618 731 iarn
632 668 715 731 linea
739 669 800 747 est,
828 666 867 729 ad
890 665 973 748 ipsas
996 683 1046 728 res
1069 681 1218 746 prouoca-

68 773 211 852 buntur,
239 790 279 836 an
306 772 478 835 secundum
501 772 670 854 scripturas
694 771 916 854 transigantur.
963 768 1116 850 siquidem
1143 771 1218 831 tunc

72 876 165 940 aliud
194 875 420 959 significabitur
445 877 477 940 in
505 876 691 971 seripturis,
715 876 741 939 si
768 893 830 939 non
857 874 888 936 id
915 874 1018 955 ipsum
1045 873 1218 955 reperiatur

72 982 110 1044 in
141 980 244 1044 rebus.
295 979 377 1062 quod
412 981 496 1044 enim
531 981 680 1063 seriptum
713 983 774 1060 est,
808 979 867 1043 hoo
899 979 1022 1041 euenire
1053 977 1215 1058 oportebit.
1257 1002 1269 1040 a

74 1103 170 1168 porro
195 1088 269 1148 tune
298 1085 418 1148 eueniet
446 1085 528 1166 quod
557 1088 604 1149 est
630 1085 795 1166 scriptum,
828 1084 854 1146 si
882 1101 944 1146 non
972 1081 1063 1145 aliter
1087 1082 1216 1144 eueniet.

77 1208 150 1253 ecce
173 1192 296 1274 autem,
319 1192 350 1253 et
372 1189 439 1253 odio
462 1189 615 1253 habemur
639 1189 677 1253 ab
706 1188 852 1253 omnibus
879 1187 1057 1251 hominibus
1083 1186 1218 1249 nominis

77 1311 187 1373 eausa,
215 1293 385 1378 quomodo,
409 1297 439 1357 et
462 1295 696 1376 scriptumest,
729 1295 760 1356 et
782 1292 934 1356 tradimur
958 1291 1053 1354 etiam
1076 1309 1095 1353 a
1116 1289 1219 1373 proxi-

77 1399 154 1477 111ἰο,
182 1397 335 1479 quomodo
364 1400 395 1461 01
422 1399 580 1483 sor·,iptum
609 1400 679 1482 est„
708 1401 739 1462 et
760 1397 961 1479 perducimur
984 1395 1023 1459 ad
1045 1396 1217 1478 potestates
1239 1455 1248 1468 ,Ἴ

77 1506 111 1566 01
143 1502 372 1585 interrogamur
400 1505 430 1566 01
462 1506 652 1586 torquemur·
680 1505 719 1586 et,
747 1502 932 1566 confitemur
960 1503 991 1564 01
1017 1500 1217 1579 trucidamur,
1246 1524 1271 1562 ιο

77 1606 233 1687 quomodo
256 1609 288 1670 et
310 1607 462 1690 scriptum
486 1609 542 1670 001.
590 1607 635 1669 010
657 1606 811 1690 ,dominus
836 1605 946 1690 edixit,
993 1605 1019 1668 si
1042 1604 1132 1667 aliter
1155 1604 1219 1666 edi-

76 1711 122 1774 xit
144 1711 230 1791 haec,
254 1729 308 1774 our
331 1730 392 1775 non
416 1711 505 1774 aliter
529 1711 677 1774 eueniunt
700 1729 779 1792 quae
804 1711 923 1795 edixit„
944 1709 976 1772 id
1000 1711 1047 1772 est
1071 1708 1219 1790 quemad-

77 1814 207 1877 modum
231 1815 345 1878 edixit?
391 1815 501 1896 atquin
525 1832 586 1879 non
610 1816 698 1878 aliter
722 1815 871 1878 eueniunt
895 1832 989 1896 quam
1014 1813 1120 1887 edixit3
1146 1831 1218 1896 ergo

77 1920 160 1982 siout
187 1919 348 1998 eueniunt,
376 1919 420 1982 ita
448 1919 541 1982 edixit
569 1924 601 1983 01
629 1920 710 1983 01001
737 1920 845 2000 edixit,
873 1920 917 1983 ita
941 1919 1099 1982 eueniunt.
1145 1935 1219 1980 nam

78 2041 135 2086 nec
158 2022 299 2086 licuisset
329 2023 417 2086 aliter
441 2024 564 2087 euenire
593 2042 686 2105 quam
714 2024 806 2087 edixit
835 2042 901 2107 ,neo
932 2024 1007 2107 ipse
1039 2023 1129 2086 aliter
1156 2021 1219 2085 edi-
1248 2047 1272 2084 15

76 2127 174 2191 xisset
202 2145 295 2208 quam
325 2128 449 2191 euenire
478 2129 640 2192 uoluisset.
697 2129 741 2191 ita
771 2147 833 2192 non
865 2128 949 2191 aliud
982 2127 1220 2213 significabunt

77 2233 249 2314 scripturae
268 2233 348 2296 istae
368 2251 464 2314 quam
484 2235 515 2295 in
535 2232 628 2296 rebus
643 2233 912 2316 recognoscimus:
936 2236 1000 2312 aut,
1022 2233 1048 2295 si
1064 2231 1220 2316 nqndum,

78 2339 216 2419 aguntur
241 2336 296 2399 illa
323 2355 402 2417 quae
429 2338 660 2420 praedicantur,
693 2338 845 2418 quomodo
873 2338 951 2400 haec
979 2355 1057 2418 quae
1086 2338 1220 2418 aguntur

75 2441 254 2522 praedicata
281 2459 343 2504 non
371 2444 464 2504 sunt?
510 2460 572 2505 non
603 2444 676 2504 sunt
706 2443 789 2504 enim
820 2442 897 2505 haec
927 2441 1104 2522 praedicata
1132 2457 1219 2524 quae

77 2547 237 2629 aguntur,
270 2545 296 2607 si
326 2545 387 2608 alia
415 2549 488 2609 sunt
520 2564 597 2627 quae
629 2546 848 2628 praedicantur
876 2548 908 2609 et
940 2563 1002 2609 non
1030 2545 1108 2608 haec
1138 2562 1217 2625 quae
1246 2567 1272 2606 20

76 2651 240 2733 aguntur.
287 2651 319 2712 at
345 2668 428 2712 nunc
455 2650 527 2731 quia
554 2651 623 2731 ipsa
651 2653 724 2713 sunt
752 2650 784 2713 in
812 2650 904 2713 rebus
933 2668 1012 2731 quae
1034 2650 1067 2712 in
1089 2647 1219 2711 uocibus

76 2755 170 2818 aliter
185 2754 278 2838 ,dicta
298 2755 485 2839 creduntur,
510 2755 584 2837 quid
604 2754 702 2835 fieret,
727 2756 754 2819 si
775 2756 864 2819 aliter
880 2754 964 2818 iacta
984 2754 1219 2817 inuenirentur?

76 2859 136 2923 sed
153 2858 240 2944 ,haee
263 2859 332 2944 erit,
351 2860 538 2941 peruersitas
562 2860 644 2939 fidei,
667 2859 799 2941 probata
822 2878 884 2923 non
908 2860 1041 2939 eredere,
1064 2877 1127 2922 non
1149 2875 1220 2940 pro-

74 2963 155 3027 bata
176 2981 400 3048 praesumere.
447 2965 496 3027 eui
518 2965 716 3047 peruersitati
740 2964 816 3027 illud
841 2982 960 3046 quoque
984 2981 1150 3046 opponam,
1173 2965 1219 3043 ut,

76 3068 105 3132 si
133 3067 225 3147 haec,
254 3085 341 3152 quae
369 3068 414 3131 010
442 3071 586 3153 aguntur,
608 3069 871 3150 quemadmodum
900 3069 1015 3151 scripta
1042 3071 1130 3148 sunt,
1158 3087 1220 3132 non
1247 3092 1272 3132 00

76 3175 173 3235 erunt
198 3173 266 3254 ipsa
293 3190 372 3253 quae
398 3173 639 3258 praedicantur,
670 3174 730 3237 alia
760 3192 891 3257 quo,que
922 3192 985 3237 non
1013 3173 1147 3237 debeant
1177 3173 1221 3236 sic

10 3289 57 3343 ¹6v
79 3277 133 3358 agi
156 3277 420 3357 quemadmodum
444 3279 558 3366 scripta
581 3282 669 3358 sunt,
697 3298 744 3363 n,e
772 3281 803 3342 et
824 3280 892 3359 ipsa
914 3279 1036 3362 horum,
1056 3275 1059 3363 l
1080 3278 1220 3360 exemplo

74 3380 295 3463 periclitentur
315 3382 444 3462 excludi,
468 3382 623 3464 siquidem
644 3383 728 3445 aliud
746 3384 779 3446 in
801 3382 940 3462 uocibus
965 3383 1049 3446 aliud
1071 3383 1103 3445 in
1126 3383 1219 3446 rebus

77 3488 144 3564 est,
176 3487 207 3548 et
235 3485 419 3567 relinquitur
449 3504 507 3550 nee
536 3487 716 3567 praedicata
746 3487 858 3567 uideri,
889 3505 961 3550 oum
990 3486 1166 3567 euenerint,
1194 3487 1221 3549 01

126 3728 139 3780 1
168 3728 277 3779 uentum
306 3729 369 3795 AB,
397 3744 530 3780 uenenum
557 3730 613 3782 1100
682 3730 699 3781 4
722 3727 920 3795 significabatur
942 3729 969 3782 A
1040 3731 1055 3782 5
1079 3728 1169 3781 uenire
1193 3729 1220 3782 A

78 3815 158 3868 6001
175 3814 210 3880 A,
229 3816 256 3866 et
273 3815 300 3867 B
358 3814 431 3867 aliud
449 3817 476 3868 A
530 3819 553 3870 8.
568 3819 591 3870 9.
606 3818 636 3870 11
659 3818 685 3868 01
703 3823 765 3870 crate
783 3815 913 3884 scriptum
931 3817 972 3868 est
990 3817 1080 3871 01οΑ
1135 3816 1219 3870 1101-

78 3902 127 3953 cut
146 3900 173 3952 A
244 3902 276 3954 12
299 3916 365 3968 quae
384 3903 419 3970 A,
444 3918 524 3969 quam
542 3904 569 3956 B
639 3902 1219 3970 111001-1500011110000111011111101οΑ

80 3989 115 4041 15
138 3986 256 4040 licuisset
278 3990 305 4040 et
327 3989 368 4055 B;
390 3988 555 4043 0111011101
627 3992 658 4044 11
682 3989 748 4041 10100
771 4008 821 4044 010.
845 3990 872 4043 A
943 3990 1140 4057 recognoscitur·
1170 3990 1220 4044 Gal

80 4076 110 4126 at
134 4074 184 4128 Gel
254 4076 286 4130 18
308 4074 373 4127 haec
397 4090 462 4143 quae
485 4079 601 4143 aguntur
627 4075 689 4130 Gal:
716 4079 833 4144 aguntur
859 4077 923 4129 haec
949 4093 1014 4144 quae
1039 4077 1075 4143 B,
1103 4078 1219 4144 aguntur

79 4161 171 4227 (quae)
192 4161 219 4213 A
288 4164 319 4215 21
346 4178 416 4214 nunc
439 4162 512 4230 quia]
536 4179 597 4215 eum
624 4162 784 4219 0100000100
855 4166 881 4216 01
905 4165 933 4230 in
957 4165 984 4217 B
1055 4165 1087 4217 22
1111 4166 1170 4215 0010
1192 4165 1219 4216 Β

81 4249 116 4301 23
135 4247 185 4299 0111
203 4248 239 4316 B,
257 4250 297 4301 001
315 4250 371 4318 Rip
423 4252 457 4303 26
476 4249 527 4301 alia
545 4251 656 4318 scripsi:
673 4249 721 4302 illa
739 4251 766 4303 B
793 4270 796 4276 ·
819 4266 922 4318 quoque
944 4251 1083 4304 Oelaleros:
1102 4265 1167 4318 quae
1183 4252 1218 4318 B,

81 4334 155 4401 (que)
173 4335 200 4387 A
253 4336 287 4391 28
306 4335 373 4387 aliut
391 4336 418 4389 A
471 4339 504 4392 29
523 4338 550 4388 01
568 4353 618 4391 010.
632 4338 667 4404 A,
685 4337 724 4389 ita
741 4338 797 4391 1110
849 4337 967 4390 euenerit
985 4339 1012 4391 A
