2820 4914
711 1064 767 1147 111.

299 1274 363 1337 nn
394 1272 582 1339 rnruuro
612 1272 864 1339 supensus
894 1273 1167 1342 Psrcrucos

211 1483 238 1557 1,
261 1457 399 1549 Mirarer
426 1485 588 1568 psychicos
616 1485 703 1565 isica,
733 1486 759 1549 si
787 1487 852 1550 sola
879 1486 1001 1550 luxuria
1024 1490 1215 1567 tenerentur,
1236 1502 1281 1566 qua

165 1590 287 1672 saepius
309 1589 441 1670 nubunt,
466 1591 493 1653 si
513 1608 573 1654 non
595 1590 689 1654 etiam
706 1591 846 1674 ingluuie
861 1591 1084 1672 lacerarentur,
1108 1610 1171 1674 qua
1190 1590 1283 1654 ieiunia

124 1719 136 1756 1
164 1693 303 1757 oderunt.
343 1697 518 1758 monstrum
536 1694 653 1758 scilicet
668 1694 834 1758 haberetur
849 1695 944 1759 libido
960 1696 1026 1759 sine
1042 1696 1127 1778 gula,
1152 1714 1222 1759 cum
1239 1696 1284 1760 duo

163 1798 239 1860 haec
262 1801 326 1861 tam
349 1799 436 1862 unita
459 1803 551 1880 etque
575 1802 717 1862 concreta
742 1800 814 1879 sint,
838 1802 873 1862 ut
896 1801 922 1862 si
945 1799 1082 1882 disiungi
1102 1801 1228 1864 omnino
1244 1817 1286 1882 po·

164 1902 307 1982 tuissent,
331 1903 389 1983 ipsi
404 1903 490 1984 prius
507 1904 607 1966 uentri
623 1903 769 1985 pudenda
784 1921 846 1967 non
863 1903 1078 1967 adhaererent.
1114 1908 1222 1987 specta
1234 1921 1288 1966 cor-

161 2023 231 2085 pus,
262 2009 294 2068 et
324 2023 386 2069 una
416 2007 501 2089 regio
525 2011 582 2070 est.
621 2007 753 2089 denique
776 2026 832 2088 pro
855 2007 1059 2090 dispositione
1088 2009 1288 2072 membrorum

162 2109 235 2172 ordo
251 2109 406 2173 uitiorum.
437 2111 520 2192 prior
539 2114 660 2190 uenter,
684 2115 715 2175 et
731 2113 838 2175 statim
855 2115 958 2176 cetera
974 2112 1102 2195 saginae
1124 2113 1289 2177 substructa

111 2240 134 2278 10
162 2214 290 2277 lasciuia
321 2217 382 2288 est;
413 2233 467 2297 per
499 2215 682 2279 edacitatem
713 2216 859 2279 salacitas
886 2217 1008 2280 transit.
1048 2234 1187 2300 agnosco
1208 2217 1289 2300 igitur

31 2316 32 2320 ’
162 2318 330 2381 animalem
360 2317 454 2382 fidem
486 2319 588 2383 studio
618 2320 731 2400 carnia,
762 2338 824 2401 qua
846 2322 913 2383 1111
935 2323 1069 2400 constat,
1099 2323 1169 2384 tam
1195 2319 1322 2385 multi—

161 2422 321 2486 uorantiae
352 2440 446 2503 quam
478 2422 738 2487 multinubentiae
760 2441 902 2505 pronam,
933 2427 969 2488 ut
990 2425 1102 2488 merito
1128 2424 1304 2508 spiritalem

160 2526 355 2614 disciplinam
377 2544 432 2609 pro
457 2527 634 2591 substantia
657 2528 814 2591 aemulam
837 2528 869 2591 in
892 2528 952 2592 hac
967 2545 1090 2610 quoque
1107 2530 1210 2612 specie
1225 2545 1302 2591 con-

160 2631 309 2694 tinentiae
340 2635 465 2694 accuset
493 2632 622 2712 perinde
652 2632 744 2715 gulae
767 2632 871 2696 frenos
894 2632 1090 2696 imbuentem
1118 2653 1174 2716 per
1195 2633 1287 2696 nullas

109 2760 132 2799 15
159 2718 317 2798 interdum
340 2736 390 2799 uel
414 2753 498 2799 seras
522 2737 573 2799 uel
596 2735 696 2799 aridas
720 2754 818 2815 escas,
842 2736 1107 2818 quemadmodum
1129 2741 1161 2802 et
1179 2735 1286 2801 hbidini

159 2859 214 2921 per
244 2841 351 2904 unicas
383 2842 517 2923 nuptias.
556 2843 643 2923 piget
673 2841 736 2904 ianr
768 2860 839 2904 cum
870 2841 985 2905 talibus
1015 2842 1172 2925 congredi,
1202 2841 1280 2924 pudet

160 2944 255 3006 etiem
286 2945 324 3008 de
355 2945 399 3008 eis
431 2945 577 3008 altercari
608 2962 740 3027 quorum
775 2962 831 3008 nec
866 2944 1002 3010 defensio
1033 2946 1209 3010 uerecunda
1236 2947 1278 3007 est

159 3048 313 3128 quomodo
337 3048 420 3111 enim
447 3054 610 3133 protegam
633 3049 809 3113 castitatem
833 3052 864 3112 et
893 3049 1093 3114 sobrietatem
1123 3051 1189 3114 sine
1210 3054 1279 3113 1111-

159 3152 242 3215 tione
266 3152 537 3217 aduersariorum?
565 3153 691 3236 quinam
715 3153 767 3216 isti
790 3154 863 3234 sint,
887 3154 985 3218 semel
1006 3154 1190 3220 nominabo:
1214 3157 1279 3218 1111-

106 3280 131 3316 a
157 3256 253 3320 riores
285 3259 315 3320 11
344 3257 507 3322 interiores
538 3257 639 3322 botuli
668 3257 896 3340 psychicorum.
934 3258 967 3321 hi
992 3260 1152 3340 paracleto
1176 3263 1280 3323 contro-

158 3360 293 3424 uersiam
316 3361 449 3436 faciunt;
473 3366 598 3444 propter
620 3362 679 3426 hoc
702 3380 801 3426 nouae
817 3363 996 3446 prophetiae
1011 3367 1210 3439 recusantum
1233 3381 1280 3427 nor

157 3464 238 3545 quod
269 3465 365 3528 alium
396 3466 489 3529 deum
519 3466 701 3549 praedicent
722 3466 893 3530 Montanus
924 3470 956 3530 et
977 3466 1119 3532 Priscilla
1143 3471 1175 3532 et
1196 3466 1281 3532 Mari·

157 3570 253 3650 milla,
284 3587 341 3632 nec
371 3571 454 3651 quod
477 3570 582 3634 Iesum
606 3569 767 3634 Christum
797 3571 932 3651 soleant,
964 3588 1021 3634 nec
1048 3573 1132 3653 quod
1159 3573 1280 3653 ahquan

156 3672 228 3736 fidei
250 3677 303 3738 aut
326 3674 393 3757 spei
415 3676 557 3758 regulam
574 3677 726 3755 euertant,
750 3675 804 3739 sed
821 3675 902 3757 quod
917 3676 1008 3758 plane
1026 3675 1158 3741 doceant
1174 3676 1281 3758 saepius

105 3800 130 3838 11
156 3779 292 3841 ieiunare
316 3797 410 3859 quarn
434 3779 560 3843 nubere.
601 3780 638 3842 de
662 3780 753 3844 modo
769 3780 894 3862 quidem
910 3779 1047 3843 nubendi
1061 3780 1126 3844 iam
1142 3781 1281 3845 edidimus

199 3970 215 4022 2
234 3967 265 4019 de
279 3967 380 4020 Ieiunio
398 3968 525 4021 aduersus
538 3968 680 4036 Psychioos
693 3972 728 4037 B,
748 3970 779 4022 de
798 3969 904 4023 ieiuniis
922 3969 1049 4024 aduersus
1061 3970 1204 4039 psychicos
1216 3972 1283 4034 Pom,

156 4054 187 4106 de
206 4054 310 4106 ieiuniis
329 4056 385 4124 Rip
454 4054 630 4123 3psychicos
652 4056 718 4109 istos
745 4056 773 4124 C,
795 4057 932 4126 psychicos
950 4058 977 4111 B
1048 4057 1223 4113 tenderent-ur
1239 4059 1284 4127 Rip

155 4141 211 4194 lsi
231 4143 293 4196 odd.
316 4143 365 4196 Get
426 4142 606 4195 lacerarentur
624 4145 659 4210 B,
679 4143 839 4197 ducerentur
859 4146 917 4213 Get,
934 4143 1087 4198 laxarentur
1109 4148 1162 4201 Urs
1218 4150 1246 4203 ll
1263 4145 1285 4197 in

156 4228 244 4280 studio
262 4231 326 4296 scra.
398 4244 450 4295 qua
468 4232 525 4281 tota
545 4230 608 4283 (reu.-
626 4245 705 4296 quam
725 4233 809 4284 totam
828 4232 855 4286 B
927 4233 959 4285 14
976 4231 1087 4299 perinde
1104 4235 1287 4304 1111111111-

99 4358 101 4361 .
155 4314 215 4366 inde
233 4316 261 4368 B
315 4315 469 4368 iruluentcm
489 4317 637 4371 Hermeios
692 4318 1007 4386 raetia1110‚ran1B
