2820 4914
182 976 194 1014 5

169 1497 194 1535 10

170 2018 194 2055 15

130 2539 193 2577 ·20

168 3059 193 3098 15

82 4514 200 4630 ’Ἴ

222 355 285 419 250
453 355 566 420 Quinti
586 356 722 423 Septimi
742 355 908 409 Florentia
927 355 1134 409 Tertulliani

222 531 422 613 suspicareris
458 534 488 594 et
520 531 641 594 lidelius
672 533 935 614 argumentareris
967 532 1103 613 aliquem
1136 532 1247 616 potius
1278 533 1369 614 louge

221 635 317 699 alium
341 636 423 718 apud
441 636 617 729 Corinthios
637 639 712 698 tunc
729 636 759 699 iu
777 637 885 700 eadem
902 619 997 700 causa
1012 637 1120 716 fuisse,
1143 641 1180 700 ut
1196 637 1367 719 increpitus

221 744 253 803 et
282 740 407 803 territus
439 742 470 802 11
500 758 637 804 maerore
669 743 792 804 saucius
823 745 987 824 propterea
1012 741 1218 824 permittente
1243 741 1366 804 modulo

221 844 323 907 delicti
348 845 472 908 ueniam
496 847 605 927 postea
627 845 753 927 ceperit,
776 863 871 926 quarn
894 850 930 908 ut
952 864 1021 909 eam
1045 846 1162 909 incesto
1185 845 1364 909 fornicatori

221 949 490 1031 interpretareris?
535 948 593 1011 hoe
623 949 707 1012 enirn
738 950 851 1032 legisse
878 949 1045 1029 debueras,
1077 949 1135 1013 etsi
1158 949 1279 1013 nonin
1304 949 1364 1030 epi-

221 1055 315 1132 stola,
346 1052 399 1116 sed
423 1053 453 1116 iu
477 1053 545 1135 ipsa
568 1054 700 1136 apostoli
723 1057 824 1134 secta,
852 1072 870 1117 a
892 1055 1009 1136 pudore
1032 1054 1145 1118 clarius
1171 1072 1269 1135 quam
1294 1054 1362 1117 stilo

221 1158 287 1221 eius
303 1158 502 1238 impressum,
524 1178 561 1220 ne
579 1158 696 1222 scilicet
711 1158 845 1222 Paulum
862 1159 1037 1241 apostolum
1054 1158 1181 1238 Christi,
1206 1158 1361 1222 doctorem

221 1262 381 1326 nationum
405 1263 437 1325 in
460 1262 520 1326 fide
544 1266 575 1326 et
597 1263 743 1342 ueritate,
775 1281 830 1326 uas
855 1263 1028 1342 electionis,
1060 1261 1265 1326 ecclesiarum
1293 1281 1360 1326 cou-

221 1366 368 1446 ditorem,
392 1384 552 1430 censorem
577 1366 828 1448 disciplinarum,
856 1371 962 1430 tautae
985 1366 1123 1430 leuitatis
1145 1365 1307 1446 inficeres,
1330 1370 1362 1429 ut

221 1474 275 1534 aut
298 1470 495 1534 damnauerit
518 1474 635 1534 temere
660 1490 752 1552 quem
773 1489 843 1534 mox
860 1475 942 1535 esset
958 1470 1158 1536 absoluturus
1175 1473 1231 1533 aut
1247 1474 1361 1534 temere

221 1573 392 1639 absoluerit
414 1594 507 1656 quem
531 1594 593 1639 nou
617 1579 733 1640 temere
757 1576 952 1655 damnasset,
983 1575 1022 1639 ob
1046 1574 1145 1639 solam
1169 1574 1247 1639 licet
1269 1575 1362 1638 forui-

221 1679 373 1743 cationem
398 1680 546 1760 simplicis
570 1679 792 1762 impudicitiae,
819 1680 936 1743 nedum
959 1679 997 1743 ob
1021 1680 1158 1743 incestas
1183 1679 1311 1761 nuptias
1334 1683 1363 1742 11

221 1783 350 1865 impiam
381 1783 535 1847 luxuriam
563 1787 595 1847 et
617 1783 779 1847 libidinem
802 1783 1032 1866 parricidalem,
1064 1800 1158 1865 quam
1182 1801 1243 1846 nec
1266 1784 1363 1847 natio-

222 1888 312 1951 nibus
336 1892 581 1970 comparauerat,
606 1907 644 1951 ue
668 1888 885 1951 consuetudini
901 1889 1112 1971 deputaretur,
1135 1904 1234 1968 quam
1252 1887 1363 1951 absens

220 1992 384 2071 iudicarat,
416 2011 454 2054 ue
485 1993 621 2074 spatium
653 2012 724 2055 reus
755 1993 941 2072 lucraretur,
973 2010 1068 2073 quam
1092 1991 1247 2055 aduocata
1271 1992 1363 2055 etiam

221 2096 337 2160 domiui
368 2096 483 2160 uirtute
514 2097 733 2175 damnauerat,
768 2117 807 2160 11
838 2098 978 2161 humana
1008 2095 1166 2160 sententia
1195 2096 1363 2159 uideretur.

221 2201 295 2265 lusit
318 2201 412 2284 igitur
435 2205 466 2265 11
489 2201 526 2264 de
550 2220 606 2265 suo
629 2202 740 2284 spiritu
764 2201 854 2265 etde
878 2201 1025 2265 ecelesiae
1049 2199 1161 2282 angelo
1184 2203 1217 2263 11
1243 2199 1280 2263 de
1303 2200 1365 2262 uir·

220 2308 288 2368 tute
311 2306 438 2385 domini,
462 2306 488 2368 si
512 2307 594 2387 quod
615 2307 651 2369 de
668 2306 796 2370 consilio
813 2324 919 2369 eorum
935 2304 1202 2386 pronuntiauerat,
1227 2304 1363 2367 rescidit.

267 2407 314 2472 15.
333 2409 364 2474 Si
388 2410 482 2474 etiam
507 2411 671 2492 sequentia
693 2410 775 2474 illius
800 2410 949 2493 epistolae
972 2408 1011 2472 ad
1031 2409 1277 2472 intentationem
1293 2426 1363 2492 apo-

220 2515 292 2577 stoli
315 2514 478 2594 extendaS,
509 2533 566 2578 uec
596 2515 663 2596 ipsa
688 2513 953 2596 comparabuntur
976 2512 1015 2576 ad
1038 2511 1297 2576 obliterationem
1319 2513 1363 2575 iu-

219 2619 306 2698 cesti,
330 2637 368 2682 ne
392 2622 423 2682 et
445 2618 496 2682 hic
516 2618 713 2682 suffundatur
729 2619 887 2700 apostolus
902 2617 1109 2698 posteriorum
1124 2616 1362 2699 incongruentia

219 2741 379 2786 sensuum.
426 2724 517 2804 quale
541 2727 589 2786 est
612 2724 707 2802 enim,
732 2726 766 2786 ut
789 2741 859 2786 oum
883 2722 1019 2807 maxime
1041 2721 1160 2784 incesto
1184 2721 1360 2784 fornicatori

219 2827 445 2909 postliminium
477 2827 608 2910 largitus
640 2827 867 2891 ecclesiastieae
892 2826 978 2907 pacis
1002 2824 1111 2888 statim
1133 2824 1305 2908 ingesserit
1326 2824 1359 2886 de

220 2932 415 2995 auersatioue
439 2931 719 3011 immunditiarum,
743 2932 781 2994 de
798 2930 1011 3013 amputatione
1027 2929 1236 3009 macularum,
1259 2927 1358 2991 11111-

221 3036 397 3100 hortatione
421 3036 713 3115 sanctimoniarum,
744 3036 831 3116 quasi
858 3034 935 3098 nibil
959 3033 1150 3098 contrarium
1173 3033 1269 3116 paulo
1293 3036 1358 3096 aute

221 3141 414 3204 decreuerit?
460 3159 606 3223 eeurpara
629 3140 776 3221 denique,
805 3159 844 3202 au
869 3139 934 3202 eius
958 3139 999 3202 sit
1021 3138 1134 3202 dicere:
1164 3141 1359 3220 propterea

220 3244 402 3308 habentes
426 3245 742 3308 ministrationem
766 3245 894 3323 istam,
919 3241 1122 3307 secuudum
1143 3242 1241 3323 quod
1257 3242 1359 3305 mise-

219 3349 416 3413 ricordiam
445 3351 639 3413 consecuti
663 3367 803 3428 sumus,
835 3366 905 3411 uon
929 3347 1142 3426 deficimur,
1173 3346 1239 3410 sed
1263 3345 1360 3410 abdi·

220 3473 345 3518 camus
377 3455 525 3517 occulta
556 3453 765 3533 dedecoris,
796 3452 933 3534 quinon
957 3450 1115 3514 dedecoris
1139 3453 1282 3531 tanturn,
1311 3450 1360 3515 sed

324 3669 368 3738 15]
387 3670 421 3725 cf.
442 3674 454 3725 l
470 3670 528 3725 Cor.
543 3674 566 3733 5,
579 3672 604 3724 4.
658 3669 704 3737 26]
724 3671 740 3724 2
759 3668 817 3723 Cor.
831 3669 855 3732 4,
871 3671 884 3722 1
899 3683 936 3735 sq.

265 3874 276 3925 l
298 3871 468 3939 suspicareris
483 3871 546 3925 Gal:
564 3868 734 3939 suspirareris
747 3869 774 3921 B
827 3871 843 3921 3
861 3867 915 3919 1111
934 3865 1039 3919 saucius
1053 3866 1103 3920 Gel
1155 3866 1363 3934 4111111161.Ι

220 3958 373 4027 cocperitB
423 3956 635 4012 5111111111
684 3958 745 4009 111
763 3952 971 4022 11111111111ς11
989 3953 1105 4007 delGel
1152 3951 1362 4006 8111111111-

220 4045 384 4098 conditorem
403 4045 466 4099 odd.
488 4044 538 4097 Gel
608 4046 624 4096 9
642 4040 785 4094 infamares
803 4044 867 4109 fort.
940 4042 972 4095 13
996 4037 1147 4092 nationibus
1168 4040 1230 4094 Gal:
1255 4040 1364 4093 rationi·

219 4132 269 4185 bus
293 4133 320 4186 B
392 4134 424 4186 11
448 4132 585 4197 comparat
607 4129 662 4198 Rip
733 4127 917 4180 consuetudini
942 4127 1005 4181 Gal:
1032 4125 1060 4178 in
1087 4125 1364 4180 cousuetudinem'B

223 4221 253 4274 15
272 4219 404 4271 iudicarat
421 4218 534 4286 scripsi:
551 4216 680 4269 iudicaret
693 4218 720 4268 B
775 4218 806 4269 19
825 4213 1001 4267 intentionem
1014 4214 1079 4269 Scal
1131 4212 1363 4282 2111113111-

221 4305 259 4361 tia
278 4306 341 4360 Gel:
359 4305 386 4361 iu
405 4303 579 4372 coagmentia
597 4303 624 4359 B
677 4304 710 4356 21
729 4301 894 4355 auersatioue
916 4301 981 4356 Uro:
999 4299 1184 4352 aduersatione
1202 4301 1230 4356 B
