2820 4914
150 356 213 419 252
382 355 495 420 Quinti
516 356 652 424 Septimi
673 356 838 408 Florentio
857 356 1060 409 Tertulliani

151 552 203 594 me
226 533 330 611 deus,
355 537 389 595 et
412 533 559 615 lugeam
578 533 714 596 nrultos
732 551 854 596 eorum
872 534 933 614 qui
949 536 1035 596 ante
1051 533 1257 614 deliquerim

151 642 185 699 et
209 637 480 718 paenitentiam
510 655 582 700 non
607 641 764 720 egerunt
787 656 900 720 super
925 638 1162 700 immunditia
1183 653 1325 718 quart·

151 741 399 819 admiserunt,
434 741 685 804 fornicatione
720 747 755 804 et
789 742 953 822 uilitate,
988 760 1050 806 non
1080 742 1187 823 utique
1212 742 1325 804 reei-

150 844 279 927 piendos
311 845 488 924 constituit,
520 846 546 908 si
576 846 803 928 paenitentiam
832 847 976 926 inissent,
1008 865 1085 928 quos
1109 847 1142 909 in
1165 847 1320 909 ecclesia

114 981 126 1018 ⁵
153 952 340 1014 inuenturus
363 954 438 1029 erat,
463 951 516 1013 sed
540 949 690 1033 lugendos
715 955 746 1013 et
769 951 834 1014 sine
859 950 951 1014 dubio
975 951 1143 1031 eiciendos,
1167 954 1201 1014 ut
1219 969 1308 1032 poe-

152 1056 315 1118 nitentiem
346 1055 519 1137 perderent.
567 1059 597 1118 et
627 1059 766 1118 ceterum
795 1073 856 1118 non
880 1056 1029 1136 competit
1053 1073 1127 1117 eum
1151 1055 1187 1118 de
1209 1072 1290 1118 eom-

152 1160 361 1222 munieatione
390 1158 505 1240 aliquid
528 1159 577 1223 hic
600 1159 788 1238 ostendisse,
820 1160 871 1240 qui
895 1179 963 1223 eam
989 1177 1083 1241 supra
1107 1159 1170 1222 luci
1193 1161 1223 1222 et
1242 1161 1288 1221 te-

151 1263 266 1344 nebris,
291 1263 428 1327 iustitiae
452 1268 483 1326 et
505 1264 663 1344 iniquitati
687 1269 825 1346 negarat.
872 1264 926 1327 sed
949 1264 1094 1346 ignorant
1118 1264 1278 1346 apostolum

151 1387 259 1432 onmes
290 1369 355 1447 isti,
387 1368 438 1449 qui
466 1368 580 1448 aliquid
603 1370 711 1431 contra.
734 1372 879 1431 naturam
904 1372 997 1448 atque
1019 1367 1216 1450 propositum
1236 1367 1280 1430 ho·
1309 1437 1312 1445 ,

101 1505 125 1543 10
152 1473 244 1536 minis
271 1473 384 1554 ipsius,
415 1477 522 1536 contra
545 1473 677 1535 formam
702 1476 733 1536 et
756 1473 896 1556 regulam
920 1472 1135 1536 doctrinarum
1159 1472 1224 1535 eius
1245 1472 1278 1533 iu·

152 1578 321 1661 tellegunt,
346 1580 381 1640 ut
404 1577 579 1640 sanctitatis
603 1577 703 1640 omnis
728 1577 821 1640 etiam
845 1597 880 1640 ex
904 1577 1072 1658 semetipso
1096 1577 1278 1659 magistrun,

151 1682 342 1763 impuritatis
366 1682 467 1745 onmis
491 1685 716 1745 exsecratorem
740 1685 769 1744 et
795 1683 982 1763 expiatorem
1006 1685 1038 1744 et
1060 1680 1178 1762 ubique
1199 1681 1278 1744 talem

151 1786 242 1849 citius
273 1787 391 1849 incesto
423 1804 516 1866 quam
540 1786 631 1848 alicui
655 1785 829 1849 humaniori
855 1804 906 1849 reo
931 1786 1098 1850 ecclesiam
1122 1785 1278 1849 reddidisse

151 1895 363 1973 praesumant.

102 2025 125 2062 ιε,
198 1994 246 2058 16.
278 1995 413 2059 Necesse
445 2000 492 2058 est
523 1996 615 2079 igitur
647 2014 744 2076 usque
768 1995 830 2059 illis
854 1995 1030 2078 apostolum
1054 1996 1179 2060 ostendi
1201 2012 1280 2076 quem

152 2119 209 2183 ego
240 2104 272 2162 et
301 2101 333 2163 in
365 2101 502 2163 secunda
525 2099 754 2164 Corinthiorum
785 2100 882 2163 talem
914 2099 1080 2163 defendam
1110 2100 1234 2181 qualem
1257 2099 1281 2160 in

153 2204 297 2269 omnibus
328 2205 438 2268 litteris
471 2204 552 2267 noui.
592 2205 642 2285 qui
668 2208 698 2268 et
720 2206 752 2268 in
775 2205 877 2287 prima
899 2204 1019 2286 primus
1043 2204 1188 2268 omniurn
1216 2208 1282 2267 tem·

152 2311 239 2392 plum
264 2309 312 2372 dei
336 2309 505 2372 dedicauit:
538 2327 607 2372 uon
639 2309 746 2373 scitis
771 2327 834 2372 uos
858 2309 1039 2390 templum
1062 2309 1123 2371 dei
1146 2327 1229 2372 csse
1255 2310 1283 2369 et

153 2416 188 2477 in
224 2414 330 2477 uobis
365 2413 552 2477 dominum
587 2413 778 2476 habitare?
821 2414 873 2494 qui
909 2417 940 2476 et
973 2413 1091 2493 templo
1127 2412 1283 2475 sanciendo

101 2548 126 2586 20
153 2519 404 2602 purificandoque
428 2518 616 2581 aeditualem
640 2519 743 2600 legem
767 2519 904 2599 scripsit:
937 2518 967 2580 si
999 2517 1082 2598 quis
1113 2518 1284 2599 templum

153 2623 210 2687 dei
234 2623 445 2701 uitiaucrit,
470 2622 626 2686 uitiabit
648 2623 755 2686 illum
781 2623 883 2695 deus3
912 2622 1092 2704 templum
1116 2621 1214 2684 enim
1237 2621 1285 2682 dei

153 2733 324 2791 sanctum
349 2731 418 2807 est,
443 2728 537 2809 quod
561 2727 652 2790 estis
676 2745 750 2790 uos.
790 2746 847 2809 age
867 2727 941 2806 iam,
962 2727 1032 2807 quis
1053 2726 1184 2790 omniuo
1203 2725 1286 2788 uitia-

153 2838 222 2896 tum
246 2852 263 2896 a
287 2833 343 2895 deo
367 2832 591 2914 redintegrauit
621 2832 649 2893 id
676 2815 730 2895 'est
753 2831 901 2895 traditum
927 2834 1053 2894 satanae
1076 2831 1108 2893 in
1132 2829 1287 2893 interitum

154 2937 266 3017 carnia,
284 2956 356 2999 cum
372 2936 483 3000 idcirco
500 2936 720 2999 substruxerit:
746 2954 850 2999 nemo
874 2935 1028 2998 seducat
1050 2934 1287 3016 semetipsum

101 3069 126 3108 25
153 3042 184 3105 id
219 3046 265 3105 est
299 3060 389 3105 nemo
424 3045 605 3124 praesumat
638 3041 784 3104 uitiatum
820 3060 838 3103 a
872 3040 928 3103 deo
958 3039 1165 3122 redintegrari
1195 3039 1288 3102 denuo

153 3150 266 3229 posse?
305 3147 384 3209 sicut
404 3163 511 3209 rursus
528 3146 608 3209 inter
625 3151 737 3224 cetera,
762 3147 857 3209 immo
875 3149 905 3209 et
926 3148 997 3208 ante
1013 3147 1126 3223 cetera,
1149 3144 1289 3207 moechos

154 3255 185 3314 et
208 3251 407 3314 fornicatores
439 3255 470 3313 et
501 3250 610 3313 molles
642 3254 672 3312 et
696 3249 906 3313 masculorum
930 3247 1147 3312 concubitores
1176 3265 1290 3330 negans

153 3374 286 3439 regnum
311 3355 359 3418 dei
383 3358 603 3418 consecuturos
627 3355 803 3437 praemisit:
836 3373 878 3416 ne
907 3352 1144 3432 erraueritiS,
1176 3353 1291 3415 scilicet

155 3461 180 3524 si
203 3460 387 3542 putaueritis
413 3478 463 3523 eos
488 3462 717 3523 consecuturos.
758 3459 870 3540 quibus
894 3463 1000 3522 autem
1023 3475 1157 3540 regnum
1185 3457 1292 3520 adimi·

101 3594 127 3631 30
155 3569 214 3644 tur,
246 3565 352 3645 utique
384 3583 440 3628 nee
472 3564 535 3627 uita
558 3564 750 3646 permittitur
773 3582 852 3644 quae
875 3563 957 3625 inest
983 3579 1089 3644 regno.
1129 3561 1226 3624 etiam
1249 3561 1293 3624 in-

153 3688 282 3752 gerens:
314 3668 377 3732 sed
400 3667 491 3732 hacc
514 3668 660 3750 quidem
684 3668 828 3747 fuistis,
859 3667 922 3730 sed
946 3665 1067 3729 abluti
1091 3665 1202 3745 estis,
1233 3665 1293 3728 sed

154 3773 390 3836 sanctificati
415 3773 507 3837 estis
530 3774 565 3836 in
590 3773 737 3836 nomine
762 3772 899 3835 domini
923 3771 1007 3834 Iesu
1033 3769 1176 3834 Christi
1200 3773 1238 3833 et
1260 3770 1293 3832 in

154 3877 290 3959 spiritu
314 3877 371 3940 dei
395 3878 528 3955 nostri,
553 3879 668 3957 quanto
693 3876 805 3940 delicta
824 3876 886 3939 ista
901 3878 972 3938 ante
987 3875 1150 3938 laneorum
1167 3878 1294 3956 accepto

260 4058 302 4126 rs]
324 4062 336 4113 1
358 4058 551 4124 coearosq.
589 4057 806 4124 adpludam.
846 4054 1038 4124 saporose.
1076 4054 1122 4123 31]
1141 4053 1209 4108 ibid.
1221 4058 1246 4118 o,
1258 4057 1295 4110 11.

198 4223 421 4278 sumaamn:
434 4221 587 4274 ueuuan
642 4221 868 4289 reparantem
881 4221 1021 4288 suaa
1037 4220 1087 4274 oei
1140 4205 1298 4275 fluitabit

155 4312 315 4366 Horrisias:
335 4310 442 4363 uitiauit
460 4310 487 4361 B
551 4311 584 4362 23
604 4328 618 4360 a
637 4309 686 4363 olel.
709 4310 758 4364 Gal
828 4311 861 4363 25
881 4325 896 4360 a
914 4308 962 4361 del.
984 4306 1035 4360 Gel
1102 4308 1137 4362 28
1157 4323 1208 4361 nec
1229 4311 1299 4364 Pam

20 4538 138 4630 ἢ
