2828 4936
228 399 287 462 188
455 401 566 466 Quinti
587 402 722 470 Septimi
742 402 907 455 Florentis
927 402 1129 456 Tertulliani

224 575 376 656 quomodo
403 576 541 658 placabit
567 581 689 659 petrem
718 580 814 641 iratus
846 579 878 641 in
908 579 1053 658 fratrem,
1085 597 1157 642 cum
1186 579 1290 643 omnis
1322 579 1362 642 ire

225 680 262 742 alr
299 680 385 744 initio
420 681 584 744 interdicta
622 682 664 744 sit
699 682 810 745 nobis?
875 701 949 746 nam
988 686 1018 746 et
1051 682 1165 765 Ioseph
1204 683 1361 747 dimittens

224 784 337 847 fratres
361 802 433 848 suos
458 785 497 848 ad
518 785 751 866 perducendum
774 789 910 869 patrem,
938 789 974 849 et
1000 805 1058 867 ne,
1086 787 1202 868 inquit,
1229 787 1362 850 irasca-

224 889 313 951 mini
337 889 374 952 in
399 889 467 952 uia.
513 908 567 953 nos
589 890 706 954 scilicet
726 891 848 955 monuit
867 928 910 935 —
934 892 1009 955 alias
1030 891 1114 954 euim
1135 892 1187 954 uia
1207 892 1362 975 cognomi·
1396 918 1398 921 ·

185 1018 197 1057 5
224 997 317 1056 natur
340 993 501 1076 disciplina
527 997 633 1057 nostra
660 1031 702 1039 -
729 998 796 1058 tum
825 1015 863 1059 ne
890 996 923 1058 in
950 995 1002 1059 uia
1029 995 1176 1059 orationis
1204 996 1363 1060 constituti

225 1097 263 1159 ad
289 1102 411 1178 patrem
440 1117 511 1161 cum
538 1099 584 1161 ira
611 1099 803 1162 incedamus,
849 1100 959 1163 exinde
989 1103 1095 1181 aperte
1123 1101 1271 1164 dominus
1302 1119 1363 1164 am-

224 1202 324 1284 plians
348 1203 450 1285 legem
474 1203 553 1266 iram
576 1203 608 1265 in
632 1203 761 1267 fratrem
783 1204 950 1268 homicidio
974 1206 1164 1286 superponit.
1208 1225 1249 1268 ne
1273 1205 1363 1268 uerbo

225 1307 350 1387 quidem
373 1307 456 1370 malo
480 1308 633 1390 permittit
656 1309 803 1391 expungi:
829 1309 923 1372 etiam
947 1309 974 1372 si
996 1309 1194 1372 irascendum
1218 1313 1278 1390 cst,
1306 1326 1366 1372 non

224 1412 307 1474 ultra
330 1411 403 1475 solis
427 1415 601 1494 receptum,
629 1417 664 1475 ut
689 1414 847 1494 apostolus
871 1413 1026 1476 admonet.
1073 1431 1167 1495 quam
1192 1416 1301 1477 autem
1323 1417 1366 1476 te-

175 1541 199 1579 10
226 1517 392 1578 mererium
420 1518 468 1579 est
489 1519 544 1579 aut
572 1517 654 1579 diem
682 1517 748 1579 sine
777 1517 915 1580 oratione
943 1517 1130 1600 transigere,
1159 1518 1234 1581 dum
1263 1536 1367 1581 cessas

224 1619 313 1682 fratri
329 1620 518 1700 satisfacere,
539 1623 593 1683 aut
612 1621 783 1684 orationem
800 1625 1021 1703 perseuerante
1039 1622 1201 1685 iracundia
1215 1622 1368 1703 perdere?

271 1722 320 1787 12.
347 1724 413 1787 Nec
442 1724 479 1788 ab
510 1725 555 1788 ira
587 1725 795 1804 solummodo,
827 1725 881 1788 sed
911 1727 997 1789 omni
1026 1727 1152 1790 omnino
1184 1727 1370 1790 confusione

225 1828 322 1891 animi
341 1828 439 1891 libera
458 1848 526 1891 esse
547 1828 639 1892 debet
660 1830 805 1893 orationis
826 1831 956 1893 intentio
978 1830 1015 1892 dc
1035 1831 1089 1893 tali
1110 1831 1220 1913 spiritu
1242 1832 1370 1910 emissa,

225 1933 326 2014 qualis
351 1936 398 1996 est
421 1934 546 2016 spiritus
570 1933 609 1996 ad
629 1952 723 2014 quem
747 1934 891 1997 mittitur.
930 1953 1030 2016 neque
1054 1935 1139 1998 enim
1162 1937 1293 2018 agnosci
1315 1954 1372 2018 po-

175 2062 199 2101 15
226 2038 299 2100 terit
327 2037 438 2119 spiritu
466 2041 572 2101 sancto
602 2039 728 2120 spiritus
756 2039 934 2119 inquinatus
962 2041 1017 2102 aut
1044 2039 1143 2102 tristis
1167 2058 1186 2103 a
1207 2040 1293 2104 laeto
1317 2044 1373 2104 aut

225 2142 393 2224 impeditus
429 2160 447 2205 a
478 2141 586 2206 libero.
641 2161 732 2206 nemo
770 2142 982 2206 aduersarium
1016 2143 1141 2226 recipit,
1179 2163 1275 2208 nemo
1310 2144 1373 2208 nisi

226 2264 404 2328 comparem
428 2265 520 2309 sunm
543 2247 690 2310 admittit.

272 2349 320 2414 13.
346 2349 493 2414 Ceterum
521 2369 600 2432 quae
627 2351 706 2414 ratio
734 2354 797 2431 est,
825 2352 969 2415 manibus
993 2352 1121 2433 quidem
1144 2351 1278 2432 ablutis,
1307 2354 1373 2435 spi-

226 2456 287 2534 ritu
311 2474 384 2519 uero
413 2455 555 2519 sordente
583 2456 755 2520 orationem
781 2455 880 2536 obire,
908 2456 1029 2538 quando
1059 2459 1090 2520 et
1115 2456 1191 2539 ipsis
1219 2457 1372 2521 manibus

175 2585 200 2623 20
227 2559 382 2641 spiritales
413 2560 584 2623 munditiae
616 2560 678 2624 sint
706 2561 912 2640 necessariae,
943 2563 979 2623 ut
1002 2578 1020 2623 a
1042 2561 1136 2641 falso,
1167 2562 1325 2642 aceede,
1355 2580 1373 2624 e

226 2664 372 2743 saeuitia,
404 2663 618 2744 aueneficiis,
647 2663 685 2727 ab
710 2664 884 2727 idololatria
912 2665 1084 2746 ceterisque
1111 2665 1261 2742 maculis,
1290 2684 1372 2748 quae

226 2768 337 2850 spiritu
372 2772 538 2851 conceptae
573 2787 724 2832 manuum
759 2787 851 2851 opera
885 2769 1117 2852 transiguntur,
1155 2787 1254 2852 purae
1294 2772 1372 2835 alle-

225 2871 479 2958 uent111·?l,ha,e
500 2878 574 2953 sunt
593 2892 684 2937 uerae
705 2873 886 2954 munditiae,
911 2892 973 2937 non
996 2892 1073 2956 quas
1093 2875 1235 2957 plerique
1260 2894 1371 2958 super·
1383 2882 1410 2938 tl

226 2977 345 3040 stitiose
373 2981 497 3057 curant,
531 2979 570 3041 ad
597 2996 723 3041 omnem
750 2978 937 3058 orationem,
971 2979 1066 3042 ctiam
1095 2997 1167 3042 cum
1195 2997 1213 3042 a
1241 2980 1370 3044 lauacro

174 3107 199 3145 25
225 3081 320 3144 totius
342 3082 477 3164 corporis
498 3082 639 3162 ueniunt,
663 3101 777 3163 aquam
799 3086 968 3146 sumentes.
1007 3083 1040 3146 id
1060 3102 1132 3146 cum
1152 3085 1370 3167 scrupulosius

226 3189 422 3267 percontarer
438 3189 469 3249 et
487 3187 640 3251 rationem
661 3187 861 3268 requirerem,
878 3188 1015 3270 comperi
1035 3189 1371 3253 commemorationem

330 3421 357 3490 a]
378 3420 442 3475 oen.
456 3423 497 3484 45,
511 3423 552 3475 24.
607 3421 635 3489 e]
655 3421 688 3474 cf.
707 3421 774 3488 epu.
788 3423 812 3485 4,
825 3423 866 3475 ac.

269 3628 371 3685 2iosef
382 3631 409 3685 A
462 3629 563 3684 talias
580 3632 643 3698 AB,
662 3629 753 3683 Helias
767 3630 796 3683 D
849 3629 911 3684 5in
929 3646 988 3698 cup
1001 3646 1070 3685 acre.
1083 3630 1111 3684 A
1164 3631 1286 3700 apungi
1304 3634 1370 3701 fort.

228 3745 353 3798 cticmA
415 3744 630 3800 dammonetA
693 3745 725 3798 10
744 3759 778 3795 an
797 3741 861 3795 dum
880 3743 909 3796 D
963 3744 995 3797 12
1013 3741 1127 3796 nullm
1145 3741 1239 3796 OMNI
1257 3743 1371 3798 ANIMI

228 3829 451 3884 CONEVSIONE
474 3828 712 3898 (CONTVSIONE
735 3831 775 3897 D)
797 3828 945 3884 VACVVM
968 3829 1053 3882 ESSE
1076 3829 1217 3883 DEBERE
1240 3832 1303 3898 (om.
1330 3833 1370 3899 D)

227 3933 275 3970 nec
292 3919 336 3985 (ne
354 3919 393 3985 A)
411 3918 496 3972 ABD
567 3917 720 3971 contusione
739 3917 768 3970 D
839 3919 871 3972 13
894 3932 949 3969 esse
973 3915 1052 3970 debet
1074 3917 1111 3984 D,
1135 3915 1213 3970 debet
1236 3934 1293 3971 esse
1313 3921 1370 3973 AB

229 4008 261 4060 14
279 4008 319 4058 est
338 4004 447 4073 spiritus
466 4004 499 4057 ad
518 4020 596 4072 quem
613 4006 645 4058 ia
662 4022 715 4059 ras.
735 4005 764 4057 D
820 4003 941 4057 emititur
953 4004 983 4057 D
1037 4006 1068 4059 15
1088 4003 1184 4072 spiritu
1195 4005 1261 4071 AB,
1280 4021 1296 4057 a
1316 4006 1370 4074 spi-

227 4092 281 4145 ritu
302 4094 352 4147 Gcl
422 4093 454 4147 18
477 4091 524 4144 DE
548 4089 754 4145 LAVATIONE
777 4089 934 4143 MANVVM
956 4091 1041 4145 ABD
1111 4093 1145 4145 20
1166 4090 1322 4158 spirituales
1341 4095 1383 4155 D,

228 4178 289 4232 cede
317 4180 347 4233 D
400 4180 430 4233 21
460 4178 555 4231 seuitia
580 4179 609 4231 D
661 4177 795 4231 beneficiis
822 4179 852 4232 D
921 4176 1045 4230 idolatria
1071 4178 1101 4231 D
1171 4180 1205 4233 22
1232 4193 1313 4246 opere
1342 4181 1371 4234 D

226 4267 261 4321 23
280 4281 340 4319 uere
358 4267 385 4320 A
447 4267 481 4321 24
499 4265 796 4319 omnemomorationem
814 4267 841 4319 A
904 4281 986 4319 acor.
1007 4265 1069 4333 AB,
1091 4265 1141 4319 θεῖ
1201 4265 1235 4319 25
1254 4266 1372 4320 ueniunt

227 4354 276 4407 del.
299 4354 347 4407 Gcl
400 4353 434 4405 ad
452 4369 547 4420 aquam
566 4353 595 4407 D
648 4352 799 4421 scrupulose
817 4353 872 4406 AB
