<?xml version="1.0" encoding="UTF-8"?>
<!DOCTYPE html PUBLIC "-//W3C//DTD XHTML 1.0 Transitional//EN"
    "http://www.w3.org/TR/xhtml1/DTD/xhtml1-transitional.dtd">
<html xmlns="http://www.w3.org/1999/xhtml" xml:lang="en" lang="en">
 <head>
  <title>
</title>
<meta http-equiv="Content-Type" content="text/html;charset=utf-8" />
  <meta name='ocr-system' content='tesseract 3.04.00' />
  <meta name='ocr-capabilities' content='ocr_page ocr_carea ocr_par ocr_line ocrx_word'/>
</head>
<body>
  <div class='ocr_page' id='page_1' title='image "./qvintiseptimifl00wissgoog_0328.png"; bbox 0 0 2828 4936; ppageno 0'>
   <div class='ocr_carea' id='block_1_1' title="bbox 521 414 1253 480">
    <p class='ocr_par' dir='ltr' id='par_1_1' title="bbox 521 414 1253 480">
     <span class='ocr_line' id='line_1_1' title="bbox 521 414 1253 480; baseline 0.018 -13"><span class='ocrx_word' id='word_1_1' title='bbox 521 414 553 468; x_wconf 89' lang='lat' dir='ltr'>X.</span> <span class='ocrx_word' id='word_1_2' title='bbox 573 416 617 468; x_wconf 89' lang='lat' dir='ltr'>De</span> <span class='ocrx_word' id='word_1_3' title='bbox 636 415 743 468; x_wconf 86' lang='lat' dir='ltr'>anima</span> <span class='ocrx_word' id='word_1_4' title='bbox 760 417 837 470; x_wconf 79' lang='grc'><strong>4-6.</strong></span> <span class='ocrx_word' id='word_1_5' title='bbox 1190 415 1253 480; x_wconf 86' lang='grc'>305</span> 
     </span>
    </p>
   </div>
   <div class='ocr_carea' id='block_1_2' title="bbox 103 591 1306 3604">
    <p class='ocr_par' dir='ltr' id='par_1_2' title="bbox 103 591 1306 3604">
     <span class='ocr_line' id='line_1_2' title="bbox 103 591 1252 675; baseline 0 -20"><span class='ocrx_word' id='word_1_6' title='bbox 103 591 199 655; x_wconf 91' lang='lat' dir='ltr'>ribus</span> <span class='ocrx_word' id='word_1_7' title='bbox 223 592 426 672; x_wconf 88' lang='lat' dir='ltr'>condolescit,</span> <span class='ocrx_word' id='word_1_8' title='bbox 455 595 486 655; x_wconf 90' lang='lat' dir='ltr'>et</span> <span class='ocrx_word' id='word_1_9' title='bbox 508 610 618 674; x_wconf 89' lang='lat' dir='ltr'>corpus</span> <span class='ocrx_word' id='word_1_10' title='bbox 643 592 779 673; x_wconf 89' lang='lat' dir='ltr'>animae,</span> <span class='ocrx_word' id='word_1_11' title='bbox 803 593 853 656; x_wconf 88' lang='lat' dir='ltr'>cui</span> <span class='ocrx_word' id='word_1_12' title='bbox 876 592 1018 656; x_wconf 90' lang='lat' dir='ltr'>adflictae</span> <span class='ocrx_word' id='word_1_13' title='bbox 1041 609 1114 655; x_wconf 90' lang='lat' dir='ltr'>eura</span> <span class='ocrx_word' id='word_1_14' title='bbox 1137 610 1252 675; x_wconf 84' lang='lat' dir='ltr'>angore</span> 
     </span>
     <span class='ocr_line' id='line_1_3' title="bbox 106 696 1252 780; baseline 0 -20"><span class='ocrx_word' id='word_1_15' title='bbox 106 714 219 760; x_wconf 89' lang='lat' dir='ltr'>amore</span> <span class='ocrx_word' id='word_1_16' title='bbox 249 696 438 780; x_wconf 76' lang='lat' dir='ltr'>coaegrescit</span> <span class='ocrx_word' id='word_1_17' title='bbox 467 716 522 779; x_wconf 91' lang='lat' dir='ltr'>per</span> <span class='ocrx_word' id='word_1_18' title='bbox 553 697 777 761; x_wconf 79' lang='lat' dir='ltr'>detrimentum</span> <span class='ocrx_word' id='word_1_19' title='bbox 808 696 928 761; x_wconf 89' lang='lat' dir='ltr'>seilicet</span> <span class='ocrx_word' id='word_1_20' title='bbox 957 696 1074 779; x_wconf 87' lang='lat' dir='ltr'>uigoris</span> <span class='ocrx_word' id='word_1_21' title='bbox 1102 696 1252 778; x_wconf 91' lang='lat' dir='ltr'>cuiusque</span> 
     </span>
     <span class='ocr_line' id='line_1_4' title="bbox 107 800 1254 884; baseline 0 -20"><span class='ocrx_word' id='word_1_22' title='bbox 107 800 264 884; x_wconf 91' lang='lat' dir='ltr'>pudorem</span> <span class='ocrx_word' id='word_1_23' title='bbox 298 805 329 865; x_wconf 91' lang='lat' dir='ltr'>et</span> <span class='ocrx_word' id='word_1_24' title='bbox 361 819 510 884; x_wconf 88' lang='lat' dir='ltr'>pauorem</span> <span class='ocrx_word' id='word_1_25' title='bbox 543 801 654 865; x_wconf 91' lang='lat' dir='ltr'>rubore</span> <span class='ocrx_word' id='word_1_26' title='bbox 689 805 781 883; x_wconf 90' lang='lat' dir='ltr'>atque</span> <span class='ocrx_word' id='word_1_27' title='bbox 814 802 932 884; x_wconf 87' lang='lat' dir='ltr'>pallore</span> <span class='ocrx_word' id='word_1_28' title='bbox 967 804 1109 865; x_wconf 79' lang='lat' dir='ltr'>testetur.</span> <span class='ocrx_word' id='word_1_29' title='bbox 1157 801 1254 883; x_wconf 87' lang='lat' dir='ltr'>igitur</span> 
     </span>
     <span class='ocr_line' id='line_1_5' title="bbox 109 905 1254 989; baseline 0.001 -21"><span class='ocrx_word' id='word_1_30' title='bbox 109 905 252 968; x_wconf 90' lang='lat' dir='ltr'>animam</span> <span class='ocrx_word' id='word_1_31' title='bbox 283 924 394 988; x_wconf 90' lang='lat' dir='ltr'>eorpus</span> <span class='ocrx_word' id='word_1_32' title='bbox 426 925 461 969; x_wconf 84' lang='lat' dir='ltr'>er</span> <span class='ocrx_word' id='word_1_33' title='bbox 492 907 697 989; x_wconf 82' lang='lat' dir='ltr'>corporalium</span> <span class='ocrx_word' id='word_1_34' title='bbox 720 907 902 988; x_wconf 83' lang='lat' dir='ltr'>passionum</span> <span class='ocrx_word' id='word_1_35' title='bbox 926 907 1153 970; x_wconf 89' lang='lat' dir='ltr'>communione.</span> <span class='ocrx_word' id='word_1_36' title='bbox 1199 906 1254 969; x_wconf 89' lang='lat' dir='ltr'>sed</span> 
     </span>
     <span class='ocr_line' id='line_1_6' title="bbox 110 1008 1305 1103; baseline 0.002 -30"><span class='ocrx_word' id='word_1_37' title='bbox 110 1013 143 1074; x_wconf 89' lang='lat' dir='ltr'>et</span> <span class='ocrx_word' id='word_1_38' title='bbox 167 1008 360 1093; x_wconf 81' lang='lat' dir='ltr'>Chrysippus</span> <span class='ocrx_word' id='word_1_39' title='bbox 383 1029 513 1074; x_wconf 90' lang='lat' dir='ltr'>manum</span> <span class='ocrx_word' id='word_1_40' title='bbox 538 1011 565 1074; x_wconf 88' lang='lat' dir='ltr'>ei</span> <span class='ocrx_word' id='word_1_41' title='bbox 588 1011 716 1094; x_wconf 88' lang='lat' dir='ltr'>porrigit</span> <span class='ocrx_word' id='word_1_42' title='bbox 739 1013 933 1103; x_wconf 86' lang='lat' dir='ltr'>constituens</span> <span class='ocrx_word' id='word_1_43' title='bbox 957 1011 1127 1095; x_wconf 89' lang='lat' dir='ltr'>corporalia</span> <span class='ocrx_word' id='word_1_44' title='bbox 1149 1009 1187 1074; x_wconf 90' lang='lat' dir='ltr'>ab</span> <span class='ocrx_word' id='word_1_45' title='bbox 1205 1011 1253 1074; x_wconf 93' lang='lat' dir='ltr'>in·</span> <span class='ocrx_word' id='word_1_46' title='bbox 1293 1037 1305 1075; x_wconf 80' lang='grc'>1</span> 
     </span>
     <span class='ocr_line' id='line_1_7' title="bbox 109 1115 1253 1199; baseline 0.002 -21"><span class='ocrx_word' id='word_1_47' title='bbox 109 1115 325 1197; x_wconf 90' lang='lat' dir='ltr'>corporalibus</span> <span class='ocrx_word' id='word_1_48' title='bbox 355 1116 528 1198; x_wconf 88' lang='lat' dir='ltr'>derelinqui</span> <span class='ocrx_word' id='word_1_49' title='bbox 558 1117 684 1180; x_wconf 89' lang='lat' dir='ltr'>omnino</span> <span class='ocrx_word' id='word_1_50' title='bbox 715 1135 777 1181; x_wconf 93' lang='lat' dir='ltr'>non</span> <span class='ocrx_word' id='word_1_51' title='bbox 807 1135 913 1199; x_wconf 90' lang='lat' dir='ltr'>posse,</span> <span class='ocrx_word' id='word_1_52' title='bbox 946 1117 1018 1199; x_wconf 91' lang='lat' dir='ltr'>quia</span> <span class='ocrx_word' id='word_1_53' title='bbox 1048 1135 1105 1180; x_wconf 89' lang='lat' dir='ltr'>nec</span> <span class='ocrx_word' id='word_1_54' title='bbox 1132 1116 1253 1180; x_wconf 92' lang='lat' dir='ltr'>contin-</span> 
     </span>
     <span class='ocr_line' id='line_1_8' title="bbox 107 1219 1253 1305; baseline 0.001 -22"><span class='ocrx_word' id='word_1_55' title='bbox 107 1223 228 1302; x_wconf 82' lang='lat' dir='ltr'>gantur</span> <span class='ocrx_word' id='word_1_56' title='bbox 251 1219 289 1283; x_wconf 92' lang='lat' dir='ltr'>ab</span> <span class='ocrx_word' id='word_1_57' title='bbox 314 1221 357 1284; x_wconf 92' lang='lat' dir='ltr'>eis</span> <span class='ocrx_word' id='word_1_58' title='bbox 389 1219 485 1302; x_wconf 90' lang='lat' dir='ltr'>(unde</span> <span class='ocrx_word' id='word_1_59' title='bbox 512 1224 543 1285; x_wconf 89' lang='lat' dir='ltr'>et</span> <span class='ocrx_word' id='word_1_60' title='bbox 566 1220 742 1285; x_wconf 89' lang='lat' dir='ltr'>Lucretius:</span> <span class='ocrx_word' id='word_1_61' title='bbox 774 1225 927 1305; x_wconf 87' lang='lat' dir='ltr'>tangere</span> <span class='ocrx_word' id='word_1_62' title='bbox 956 1222 1053 1285; x_wconf 93' lang='lat' dir='ltr'>enim</span> <span class='ocrx_word' id='word_1_63' title='bbox 1083 1225 1118 1285; x_wconf 90' lang='lat' dir='ltr'>et</span> <span class='ocrx_word' id='word_1_64' title='bbox 1149 1221 1253 1304; x_wconf 89' lang='lat' dir='ltr'>tangi</span> 
     </span>
     <span class='ocr_line' id='line_1_9' title="bbox 108 1324 1251 1409; baseline 0.002 -23"><span class='ocrx_word' id='word_1_65' title='bbox 108 1324 185 1387; x_wconf 92' lang='lat' dir='ltr'>nisi</span> <span class='ocrx_word' id='word_1_66' title='bbox 214 1342 347 1407; x_wconf 91' lang='lat' dir='ltr'>corpus</span> <span class='ocrx_word' id='word_1_67' title='bbox 371 1326 476 1389; x_wconf 92' lang='lat' dir='ltr'>nulla</span> <span class='ocrx_word' id='word_1_68' title='bbox 497 1329 623 1407; x_wconf 88' lang='lat' dir='ltr'>potest</span> <span class='ocrx_word' id='word_1_69' title='bbox 645 1325 733 1409; x_wconf 88' lang='lat' dir='ltr'>res),</span> <span class='ocrx_word' id='word_1_70' title='bbox 765 1327 912 1391; x_wconf 90' lang='lat' dir='ltr'>derelicto</span> <span class='ocrx_word' id='word_1_71' title='bbox 935 1330 1041 1390; x_wconf 87' lang='lat' dir='ltr'>autem</span> <span class='ocrx_word' id='word_1_72' title='bbox 1064 1344 1189 1408; x_wconf 89' lang='lat' dir='ltr'>corpore</span> <span class='ocrx_word' id='word_1_73' title='bbox 1213 1324 1251 1389; x_wconf 94' lang='lat' dir='ltr'>ab</span> 
     </span>
     <span class='ocr_line' id='line_1_10' title="bbox 108 1429 1254 1514; baseline 0.002 -23"><span class='ocrx_word' id='word_1_74' title='bbox 108 1429 220 1492; x_wconf 89' lang='lat' dir='ltr'>anima</span> <span class='ocrx_word' id='word_1_75' title='bbox 246 1429 404 1492; x_wconf 91' lang='lat' dir='ltr'>hominem</span> <span class='ocrx_word' id='word_1_76' title='bbox 428 1429 509 1493; x_wconf 88' lang='lat' dir='ltr'>affici</span> <span class='ocrx_word' id='word_1_77' title='bbox 533 1433 641 1494; x_wconf 90' lang='lat' dir='ltr'>morte.</span> <span class='ocrx_word' id='word_1_78' title='bbox 689 1431 784 1514; x_wconf 89' lang='lat' dir='ltr'>igitur</span> <span class='ocrx_word' id='word_1_79' title='bbox 806 1449 917 1513; x_wconf 91' lang='lat' dir='ltr'>corpus</span> <span class='ocrx_word' id='word_1_80' title='bbox 941 1430 1060 1512; x_wconf 85' lang='lat' dir='ltr'>anima,</span> <span class='ocrx_word' id='word_1_81' title='bbox 1091 1449 1171 1512; x_wconf 90' lang='lat' dir='ltr'>quae</span> <span class='ocrx_word' id='word_1_82' title='bbox 1194 1430 1254 1493; x_wconf 88' lang='lat' dir='ltr'>nisi</span> 
     </span>
     <span class='ocr_line' id='line_1_11' title="bbox 106 1533 1306 1616; baseline 0.002 -20"><span class='ocrx_word' id='word_1_83' title='bbox 106 1533 280 1615; x_wconf 89' lang='lat' dir='ltr'>corporalis</span> <span class='ocrx_word' id='word_1_84' title='bbox 304 1551 414 1615; x_wconf 89' lang='lat' dir='ltr'>eorpus</span> <span class='ocrx_word' id='word_1_85' title='bbox 437 1552 498 1599; x_wconf 95' lang='lat' dir='ltr'>non</span> <span class='ocrx_word' id='word_1_86' title='bbox 522 1534 760 1616; x_wconf 83' lang='lat' dir='ltr'>derelinqueret,</span> <span class='ocrx_word' id='word_1_87' title='bbox 784 1535 914 1599; x_wconf 90' lang='lat' dir='ltr'>uidetur.</span> <span class='ocrx_word' id='word_1_88' title='bbox 1281 1559 1306 1598; x_wconf 89' lang='lat'>10</span> 
     </span>
     <span class='ocr_line' id='line_1_12' title="bbox 154 1636 1251 1722; baseline 0.003 -23"><span class='ocrx_word' id='word_1_89' title='bbox 154 1636 186 1701; x_wconf 88' lang='grc'>6.</span> <span class='ocrx_word' id='word_1_90' title='bbox 199 1638 286 1701; x_wconf 84' lang='grc' dir='ltr'>Ηο00</span> <span class='ocrx_word' id='word_1_91' title='bbox 300 1638 454 1702; x_wconf 85' lang='lat' dir='ltr'>Platonici</span> <span class='ocrx_word' id='word_1_92' title='bbox 477 1638 650 1703; x_wconf 89' lang='lat' dir='ltr'>subtilitate</span> <span class='ocrx_word' id='word_1_93' title='bbox 673 1640 778 1722; x_wconf 91' lang='lat' dir='ltr'>potius</span> <span class='ocrx_word' id='word_1_94' title='bbox 794 1658 889 1722; x_wconf 93' lang='lat' dir='ltr'>quam</span> <span class='ocrx_word' id='word_1_95' title='bbox 905 1640 1036 1703; x_wconf 92' lang='lat' dir='ltr'>ueritate</span> <span class='ocrx_word' id='word_1_96' title='bbox 1053 1638 1251 1703; x_wconf 89' lang='lat' dir='ltr'>conturbant.</span> 
     </span>
     <span class='ocr_line' id='line_1_13' title="bbox 108 1742 1254 1826; baseline 0.002 -21"><span class='ocrx_word' id='word_1_97' title='bbox 108 1760 219 1822; x_wconf 91' lang='lat' dir='ltr'>omne,</span> <span class='ocrx_word' id='word_1_98' title='bbox 243 1742 397 1824; x_wconf 92' lang='lat' dir='ltr'>inquiunt,</span> <span class='ocrx_word' id='word_1_99' title='bbox 422 1760 532 1826; x_wconf 91' lang='lat' dir='ltr'>corpus</span> <span class='ocrx_word' id='word_1_100' title='bbox 557 1747 611 1807; x_wconf 90' lang='lat' dir='ltr'>aut</span> <span class='ocrx_word' id='word_1_101' title='bbox 633 1744 768 1808; x_wconf 88' lang='lat' dir='ltr'>animale</span> <span class='ocrx_word' id='word_1_102' title='bbox 792 1745 834 1808; x_wconf 90' lang='lat' dir='ltr'>sit</span> <span class='ocrx_word' id='word_1_103' title='bbox 856 1762 983 1808; x_wconf 91' lang='lat' dir='ltr'>necesse</span> <span class='ocrx_word' id='word_1_104' title='bbox 1007 1747 1054 1807; x_wconf 88' lang='lat' dir='ltr'>est</span> <span class='ocrx_word' id='word_1_105' title='bbox 1077 1747 1131 1807; x_wconf 88' lang='lat' dir='ltr'>aut</span> <span class='ocrx_word' id='word_1_106' title='bbox 1152 1744 1254 1807; x_wconf 90' lang='lat' dir='ltr'>inani-</span> 
     </span>
     <span class='ocr_line' id='line_1_14' title="bbox 106 1847 1254 1930; baseline 0 -20"><span class='ocrx_word' id='word_1_107' title='bbox 106 1848 205 1911; x_wconf 90' lang='lat' dir='ltr'>male.</span> <span class='ocrx_word' id='word_1_108' title='bbox 253 1851 285 1911; x_wconf 93' lang='lat' dir='ltr'>et</span> <span class='ocrx_word' id='word_1_109' title='bbox 307 1848 334 1911; x_wconf 91' lang='lat' dir='ltr'>si</span> <span class='ocrx_word' id='word_1_110' title='bbox 356 1847 482 1930; x_wconf 91' lang='lat' dir='ltr'>quidem</span> <span class='ocrx_word' id='word_1_111' title='bbox 504 1848 673 1912; x_wconf 90' lang='lat' dir='ltr'>inanimale</span> <span class='ocrx_word' id='word_1_112' title='bbox 697 1852 760 1929; x_wconf 90' lang='lat' dir='ltr'>est,</span> <span class='ocrx_word' id='word_1_113' title='bbox 791 1850 981 1912; x_wconf 86' lang='lat' dir='ltr'>extrinsecus</span> <span class='ocrx_word' id='word_1_114' title='bbox 1005 1848 1195 1928; x_wconf 89' lang='lat' dir='ltr'>monebitur,</span> <span class='ocrx_word' id='word_1_115' title='bbox 1227 1849 1254 1911; x_wconf 95' lang='lat' dir='ltr'>si</span> 
     </span>
     <span class='ocr_line' id='line_1_15' title="bbox 106 1951 1253 2032; baseline 0.002 -18"><span class='ocrx_word' id='word_1_116' title='bbox 106 1969 188 2016; x_wconf 92' lang='lat' dir='ltr'>uero</span> <span class='ocrx_word' id='word_1_117' title='bbox 212 1951 357 2032; x_wconf 87' lang='lat' dir='ltr'>animale,</span> <span class='ocrx_word' id='word_1_118' title='bbox 387 1952 587 2016; x_wconf 87' lang='lat' dir='ltr'>intrinsecus.</span> <span class='ocrx_word' id='word_1_119' title='bbox 634 1953 741 2017; x_wconf 91' lang='lat' dir='ltr'>anima</span> <span class='ocrx_word' id='word_1_120' title='bbox 763 1956 868 2017; x_wconf 89' lang='lat' dir='ltr'>autem</span> <span class='ocrx_word' id='word_1_121' title='bbox 891 1972 948 2017; x_wconf 90' lang='lat' dir='ltr'>nec</span> <span class='ocrx_word' id='word_1_122' title='bbox 972 1953 1162 2017; x_wconf 84' lang='lat' dir='ltr'>extrinsecus</span> <span class='ocrx_word' id='word_1_123' title='bbox 1185 1971 1253 2016; x_wconf 92' lang='lat' dir='ltr'>mo·</span> 
     </span>
     <span class='ocr_line' id='line_1_16' title="bbox 106 2056 1304 2139; baseline 0.002 -20"><span class='ocrx_word' id='word_1_124' title='bbox 106 2056 249 2136; x_wconf 88' lang='lat' dir='ltr'>uebitur,</span> <span class='ocrx_word' id='word_1_125' title='bbox 277 2060 312 2120; x_wconf 87' lang='lat' dir='ltr'>nt</span> <span class='ocrx_word' id='word_1_126' title='bbox 334 2075 413 2139; x_wconf 91' lang='lat' dir='ltr'>qnae</span> <span class='ocrx_word' id='word_1_127' title='bbox 438 2076 499 2121; x_wconf 92' lang='lat' dir='ltr'>non</span> <span class='ocrx_word' id='word_1_128' title='bbox 523 2057 564 2121; x_wconf 93' lang='lat' dir='ltr'>sit</span> <span class='ocrx_word' id='word_1_129' title='bbox 586 2058 776 2138; x_wconf 89' lang='lat' dir='ltr'>inanimalis,</span> <span class='ocrx_word' id='word_1_130' title='bbox 807 2076 864 2122; x_wconf 91' lang='lat' dir='ltr'>nec</span> <span class='ocrx_word' id='word_1_131' title='bbox 886 2058 1084 2137; x_wconf 88' lang='lat' dir='ltr'>intrinsecus,</span> <span class='ocrx_word' id='word_1_132' title='bbox 1115 2060 1151 2121; x_wconf 91' lang='lat' dir='ltr'>ut</span> <span class='ocrx_word' id='word_1_133' title='bbox 1173 2076 1252 2139; x_wconf 91' lang='lat' dir='ltr'>quae</span> <span class='ocrx_word' id='word_1_134' title='bbox 1280 2082 1304 2121; x_wconf 82' lang='lat'>15</span> 
     </span>
     <span class='ocr_line' id='line_1_17' title="bbox 106 2148 1251 2245; baseline 0 -20"><span class='ocrx_word' id='word_1_135' title='bbox 106 2162 182 2245; x_wconf 89' lang='lat' dir='ltr'>ipsa</span> <span class='ocrx_word' id='word_1_136' title='bbox 211 2148 313 2244; x_wconf 89' lang='lat' dir='ltr'>potius</span> <span class='ocrx_word' id='word_1_137' title='bbox 343 2164 470 2224; x_wconf 85' lang='lat' dir='ltr'>moueat</span> <span class='ocrx_word' id='word_1_138' title='bbox 502 2179 622 2243; x_wconf 89' lang='lat' dir='ltr'>eorpus.</span> <span class='ocrx_word' id='word_1_139' title='bbox 669 2162 776 2244; x_wconf 88' lang='lat' dir='ltr'>itaque</span> <span class='ocrx_word' id='word_1_140' title='bbox 806 2180 868 2226; x_wconf 91' lang='grc'>000</span> <span class='ocrx_word' id='word_1_141' title='bbox 899 2163 997 2227; x_wconf 90' lang='lat' dir='ltr'>uideri</span> <span class='ocrx_word' id='word_1_142' title='bbox 1029 2181 1098 2226; x_wconf 92' lang='lat' dir='ltr'>eam</span> <span class='ocrx_word' id='word_1_143' title='bbox 1129 2180 1251 2243; x_wconf 75' lang='lat' dir='ltr'>corpuS,</span> 
     </span>
     <span class='ocr_line' id='line_1_18' title="bbox 109 2265 1252 2351; baseline 0.001 -23"><span class='ocrx_word' id='word_1_144' title='bbox 109 2283 192 2348; x_wconf 86' lang='lat' dir='ltr'>quae</span> <span class='ocrx_word' id='word_1_145' title='bbox 220 2283 282 2329; x_wconf 93' lang='lat' dir='ltr'>non</span> <span class='ocrx_word' id='word_1_146' title='bbox 306 2266 512 2348; x_wconf 90' lang='lat' dir='ltr'>corporalium</span> <span class='ocrx_word' id='word_1_147' title='bbox 535 2265 636 2329; x_wconf 85' lang='lat' dir='ltr'>forma</span> <span class='ocrx_word' id='word_1_148' title='bbox 660 2285 695 2329; x_wconf 82' lang='lat' dir='ltr'>ex</span> <span class='ocrx_word' id='word_1_149' title='bbox 719 2267 823 2349; x_wconf 88' lang='lat' dir='ltr'>aliqua</span> <span class='ocrx_word' id='word_1_150' title='bbox 844 2268 970 2351; x_wconf 80' lang='lat' dir='ltr'>regione</span> <span class='ocrx_word' id='word_1_151' title='bbox 994 2270 1167 2331; x_wconf 89' lang='lat' dir='ltr'>moueatur.</span> <span class='ocrx_word' id='word_1_152' title='bbox 1214 2267 1252 2330; x_wconf 92' lang='lat' dir='ltr'>ad</span> 
     </span>
     <span class='ocr_line' id='line_1_19' title="bbox 107 2369 1251 2455; baseline 0.002 -22"><span class='ocrx_word' id='word_1_153' title='bbox 107 2370 170 2434; x_wconf 91' lang='lat' dir='ltr'>hoc</span> <span class='ocrx_word' id='word_1_154' title='bbox 186 2387 243 2433; x_wconf 92' lang='grc'>000</span> <span class='ocrx_word' id='word_1_155' title='bbox 259 2369 443 2433; x_wconf 88' lang='lat' dir='ltr'>mirabimur</span> <span class='ocrx_word' id='word_1_156' title='bbox 458 2371 726 2452; x_wconf 84' lang='lat' dir='ltr'>incongruentiam</span> <span class='ocrx_word' id='word_1_157' title='bbox 738 2372 837 2452; x_wconf 91' lang='lat' dir='ltr'>primo</span> <span class='ocrx_word' id='word_1_158' title='bbox 854 2371 1041 2436; x_wconf 90' lang='lat' dir='ltr'>definitionis</span> <span class='ocrx_word' id='word_1_159' title='bbox 1053 2372 1251 2455; x_wconf 89' lang='lat' dir='ltr'>prouocantis</span> 
     </span>
     <span class='ocr_line' id='line_1_20' title="bbox 109 2474 1252 2559; baseline 0 -21"><span class='ocrx_word' id='word_1_160' title='bbox 109 2475 150 2538; x_wconf 90' lang='lat' dir='ltr'>ad</span> <span class='ocrx_word' id='word_1_161' title='bbox 167 2492 299 2556; x_wconf 89' lang='lat' dir='ltr'>eaquae</span> <span class='ocrx_word' id='word_1_162' title='bbox 318 2475 351 2539; x_wconf 92' lang='lat' dir='ltr'>in</span> <span class='ocrx_word' id='word_1_163' title='bbox 371 2474 510 2539; x_wconf 91' lang='lat' dir='ltr'>animam</span> <span class='ocrx_word' id='word_1_164' title='bbox 530 2493 592 2539; x_wconf 93' lang='grc'>000</span> <span class='ocrx_word' id='word_1_165' title='bbox 613 2476 811 2539; x_wconf 90' lang='lat' dir='ltr'>conueniunt.</span> <span class='ocrx_word' id='word_1_166' title='bbox 844 2493 906 2540; x_wconf 93' lang='lat' dir='ltr'>non</span> <span class='ocrx_word' id='word_1_167' title='bbox 927 2476 1011 2539; x_wconf 89' lang='lat' dir='ltr'>enim</span> <span class='ocrx_word' id='word_1_168' title='bbox 1027 2479 1131 2559; x_wconf 89' lang='lat' dir='ltr'>potest</span> <span class='ocrx_word' id='word_1_169' title='bbox 1147 2476 1252 2540; x_wconf 91' lang='lat' dir='ltr'>anima</span> 
     </span>
     <span class='ocr_line' id='line_1_21' title="bbox 112 2579 1304 2663; baseline 0 -21"><span class='ocrx_word' id='word_1_170' title='bbox 112 2579 248 2642; x_wconf 91' lang='lat' dir='ltr'>animale</span> <span class='ocrx_word' id='word_1_171' title='bbox 279 2597 389 2663; x_wconf 88' lang='lat' dir='ltr'>corpus</span> <span class='ocrx_word' id='word_1_172' title='bbox 421 2580 479 2643; x_wconf 91' lang='lat' dir='ltr'>dici</span> <span class='ocrx_word' id='word_1_173' title='bbox 510 2583 564 2644; x_wconf 88' lang='lat' dir='ltr'>aut</span> <span class='ocrx_word' id='word_1_174' title='bbox 593 2580 777 2660; x_wconf 88' lang='lat' dir='ltr'>inanimale,</span> <span class='ocrx_word' id='word_1_175' title='bbox 814 2599 886 2644; x_wconf 93' lang='lat' dir='ltr'>cum</span> <span class='ocrx_word' id='word_1_176' title='bbox 916 2581 985 2663; x_wconf 89' lang='lat' dir='ltr'>ipsa</span> <span class='ocrx_word' id='word_1_177' title='bbox 1015 2581 1057 2644; x_wconf 90' lang='lat' dir='ltr'>sit</span> <span class='ocrx_word' id='word_1_178' title='bbox 1087 2598 1167 2661; x_wconf 90' lang='lat' dir='ltr'>quae</span> <span class='ocrx_word' id='word_1_179' title='bbox 1197 2583 1252 2643; x_wconf 91' lang='lat' dir='ltr'>aut</span> <span class='ocrx_word' id='word_1_180' title='bbox 1278 2605 1304 2643; x_wconf 79' lang='grc' dir='ltr'>1ο</span> 
     </span>
     <span class='ocr_line' id='line_1_22' title="bbox 111 2684 1250 2767; baseline 0 -19"><span class='ocrx_word' id='word_1_181' title='bbox 111 2685 208 2749; x_wconf 86' lang='lat' dir='ltr'>faeiat</span> <span class='ocrx_word' id='word_1_182' title='bbox 231 2703 341 2767; x_wconf 89' lang='lat' dir='ltr'>corpus</span> <span class='ocrx_word' id='word_1_183' title='bbox 366 2686 511 2767; x_wconf 91' lang='lat' dir='ltr'>animale,</span> <span class='ocrx_word' id='word_1_184' title='bbox 536 2687 562 2749; x_wconf 92' lang='lat' dir='ltr'>si</span> <span class='ocrx_word' id='word_1_185' title='bbox 585 2686 675 2766; x_wconf 87' lang='lat' dir='ltr'>adsit,</span> <span class='ocrx_word' id='word_1_186' title='bbox 700 2691 754 2751; x_wconf 90' lang='lat' dir='ltr'>aut</span> <span class='ocrx_word' id='word_1_187' title='bbox 776 2687 954 2766; x_wconf 89' lang='lat' dir='ltr'>inanimale,</span> <span class='ocrx_word' id='word_1_188' title='bbox 979 2686 1006 2749; x_wconf 91' lang='lat' dir='ltr'>si</span> <span class='ocrx_word' id='word_1_189' title='bbox 1028 2685 1112 2749; x_wconf 90' lang='lat' dir='ltr'>absit</span> <span class='ocrx_word' id='word_1_190' title='bbox 1132 2684 1250 2749; x_wconf 91' lang='lat' dir='ltr'>abillo.</span> 
     </span>
     <span class='ocr_line' id='line_1_23' title="bbox 113 2789 1251 2874; baseline 0 -22"><span class='ocrx_word' id='word_1_191' title='bbox 113 2789 218 2871; x_wconf 88' lang='lat' dir='ltr'>itaque</span> <span class='ocrx_word' id='word_1_192' title='bbox 242 2790 323 2871; x_wconf 89' lang='lat' dir='ltr'>quod</span> <span class='ocrx_word' id='word_1_193' title='bbox 345 2791 421 2854; x_wconf 83' lang='lat' dir='ltr'>lacit</span> <span class='ocrx_word' id='word_1_194' title='bbox 444 2809 506 2854; x_wconf 93' lang='lat' dir='ltr'>non</span> <span class='ocrx_word' id='word_1_195' title='bbox 529 2793 632 2873; x_wconf 88' lang='lat' dir='ltr'>potest</span> <span class='ocrx_word' id='word_1_196' title='bbox 655 2810 723 2855; x_wconf 89' lang='lat' dir='ltr'>esse</span> <span class='ocrx_word' id='word_1_197' title='bbox 746 2792 824 2874; x_wconf 89' lang='lat' dir='ltr'>ipsa,</span> <span class='ocrx_word' id='word_1_198' title='bbox 849 2794 885 2855; x_wconf 90' lang='lat' dir='ltr'>ut</span> <span class='ocrx_word' id='word_1_199' title='bbox 907 2791 1027 2855; x_wconf 87' lang='lat' dir='ltr'>dicatur</span> <span class='ocrx_word' id='word_1_200' title='bbox 1050 2791 1184 2855; x_wconf 92' lang='lat' dir='ltr'>animale</span> <span class='ocrx_word' id='word_1_201' title='bbox 1200 2790 1251 2853; x_wconf 92' lang='lat' dir='ltr'>uel</span> 
     </span>
     <span class='ocr_line' id='line_1_24' title="bbox 111 2894 1249 2960; baseline -0.002 -1"><span class='ocrx_word' id='word_1_202' title='bbox 111 2895 288 2959; x_wconf 90' lang='lat' dir='ltr'>inanimale.</span> <span class='ocrx_word' id='word_1_203' title='bbox 357 2895 462 2959; x_wconf 89' lang='lat' dir='ltr'>anima</span> <span class='ocrx_word' id='word_1_204' title='bbox 497 2896 580 2958; x_wconf 90' lang='lat' dir='ltr'>enirn</span> <span class='ocrx_word' id='word_1_205' title='bbox 620 2896 732 2960; x_wconf 89' lang='lat' dir='ltr'>dicitur</span> <span class='ocrx_word' id='word_1_206' title='bbox 767 2895 963 2960; x_wconf 89' lang='lat' dir='ltr'>substantiae</span> <span class='ocrx_word' id='word_1_207' title='bbox 1002 2913 1076 2959; x_wconf 90' lang='lat' dir='ltr'>suae</span> <span class='ocrx_word' id='word_1_208' title='bbox 1115 2894 1249 2958; x_wconf 86' lang='lat' dir='ltr'>nomine.</span> 
     </span>
     <span class='ocr_line' id='line_1_25' title="bbox 113 2999 1252 3083; baseline 0 -20"><span class='ocrx_word' id='word_1_209' title='bbox 113 2999 222 3082; x_wconf 89' lang='lat' dir='ltr'>quodsi</span> <span class='ocrx_word' id='word_1_210' title='bbox 244 3017 306 3063; x_wconf 92' lang='grc'>000</span> <span class='ocrx_word' id='word_1_211' title='bbox 329 3000 413 3082; x_wconf 86' lang='lat' dir='ltr'>capit</span> <span class='ocrx_word' id='word_1_212' title='bbox 435 3000 570 3063; x_wconf 91' lang='lat' dir='ltr'>animale</span> <span class='ocrx_word' id='word_1_213' title='bbox 594 3018 704 3083; x_wconf 91' lang='lat' dir='ltr'>corpus</span> <span class='ocrx_word' id='word_1_214' title='bbox 729 3000 789 3064; x_wconf 89' lang='lat' dir='ltr'>dici</span> <span class='ocrx_word' id='word_1_215' title='bbox 811 3005 866 3064; x_wconf 91' lang='lat' dir='ltr'>aut</span> <span class='ocrx_word' id='word_1_216' title='bbox 888 3000 1072 3080; x_wconf 89' lang='lat' dir='ltr'>inanimale,</span> <span class='ocrx_word' id='word_1_217' title='bbox 1098 2999 1182 3081; x_wconf 91' lang='lat' dir='ltr'>quod</span> <span class='ocrx_word' id='word_1_218' title='bbox 1205 3003 1252 3063; x_wconf 86' lang='lat' dir='ltr'>est</span> 
     </span>
     <span class='ocr_line' id='line_1_26' title="bbox 113 3104 1304 3186; baseline -0.002 -18"><span class='ocrx_word' id='word_1_219' title='bbox 113 3105 231 3184; x_wconf 86' lang='lat' dir='ltr'>anima,</span> <span class='ocrx_word' id='word_1_220' title='bbox 262 3105 415 3185; x_wconf 90' lang='lat' dir='ltr'>quomodo</span> <span class='ocrx_word' id='word_1_221' title='bbox 445 3105 663 3186; x_wconf 90' lang='lat' dir='ltr'>prouocabitur</span> <span class='ocrx_word' id='word_1_222' title='bbox 694 3106 732 3169; x_wconf 91' lang='lat' dir='ltr'>ad</span> <span class='ocrx_word' id='word_1_223' title='bbox 763 3105 947 3169; x_wconf 88' lang='lat' dir='ltr'>animalium</span> <span class='ocrx_word' id='word_1_224' title='bbox 977 3109 1009 3168; x_wconf 89' lang='lat' dir='ltr'>et</span> <span class='ocrx_word' id='word_1_225' title='bbox 1033 3104 1251 3168; x_wconf 89' lang='lat' dir='ltr'>inanimalium</span> <span class='ocrx_word' id='word_1_226' title='bbox 1278 3129 1304 3167; x_wconf 81' lang='lat'>25</span> 
     </span>
     <span class='ocr_line' id='line_1_27' title="bbox 113 3208 1251 3292; baseline -0.001 -20"><span class='ocrx_word' id='word_1_227' title='bbox 113 3226 276 3291; x_wconf 89' lang='lat' dir='ltr'>corporum</span> <span class='ocrx_word' id='word_1_228' title='bbox 298 3209 454 3272; x_wconf 82' lang='lat' dir='ltr'>formam?</span> <span class='ocrx_word' id='word_1_229' title='bbox 501 3209 611 3272; x_wconf 89' lang='lat' dir='ltr'>dehinc</span> <span class='ocrx_word' id='word_1_230' title='bbox 634 3210 661 3273; x_wconf 92' lang='lat' dir='ltr'>si</span> <span class='ocrx_word' id='word_1_231' title='bbox 684 3210 820 3292; x_wconf 89' lang='lat' dir='ltr'>corporis</span> <span class='ocrx_word' id='word_1_232' title='bbox 844 3214 892 3273; x_wconf 92' lang='lat' dir='ltr'>est</span> <span class='ocrx_word' id='word_1_233' title='bbox 914 3209 1034 3273; x_wconf 91' lang='lat' dir='ltr'>moueri</span> <span class='ocrx_word' id='word_1_234' title='bbox 1058 3208 1251 3273; x_wconf 82' lang='lat' dir='ltr'>extrinsecus</span> 
     </span>
     <span class='ocr_line' id='line_1_28' title="bbox 113 3313 1250 3396; baseline -0.003 -18"><span class='ocrx_word' id='word_1_235' title='bbox 113 3313 149 3378; x_wconf 84' lang='lat' dir='ltr'>ab</span> <span class='ocrx_word' id='word_1_236' title='bbox 174 3313 289 3395; x_wconf 89' lang='lat' dir='ltr'>aliquo,</span> <span class='ocrx_word' id='word_1_237' title='bbox 314 3313 506 3377; x_wconf 90' lang='lat' dir='ltr'>ostendimus</span> <span class='ocrx_word' id='word_1_238' title='bbox 531 3318 636 3377; x_wconf 92' lang='lat' dir='ltr'>autem</span> <span class='ocrx_word' id='word_1_239' title='bbox 660 3332 754 3396; x_wconf 89' lang='lat' dir='ltr'>supra</span> <span class='ocrx_word' id='word_1_240' title='bbox 776 3314 895 3378; x_wconf 91' lang='lat' dir='ltr'>moneri</span> <span class='ocrx_word' id='word_1_241' title='bbox 919 3313 1058 3378; x_wconf 91' lang='lat' dir='ltr'>animam</span> <span class='ocrx_word' id='word_1_242' title='bbox 1078 3316 1110 3377; x_wconf 90' lang='lat' dir='ltr'>et</span> <span class='ocrx_word' id='word_1_243' title='bbox 1126 3313 1163 3377; x_wconf 92' lang='lat' dir='ltr'>ab</span> <span class='ocrx_word' id='word_1_244' title='bbox 1182 3313 1250 3392; x_wconf 90' lang='lat' dir='ltr'>alio,</span> 
     </span>
     <span class='ocr_line' id='line_1_29' title="bbox 111 3417 1250 3500; baseline -0.001 -19"><span class='ocrx_word' id='word_1_245' title='bbox 111 3436 183 3482; x_wconf 89' lang='lat' dir='ltr'>curn</span> <span class='ocrx_word' id='word_1_246' title='bbox 206 3417 408 3497; x_wconf 87' lang='lat' dir='ltr'>uaticinatur,</span> <span class='ocrx_word' id='word_1_247' title='bbox 440 3436 511 3481; x_wconf 89' lang='lat' dir='ltr'>eum</span> <span class='ocrx_word' id='word_1_248' title='bbox 534 3418 623 3498; x_wconf 83' lang='lat' dir='ltr'>furit,</span> <span class='ocrx_word' id='word_1_249' title='bbox 654 3418 761 3500; x_wconf 90' lang='lat' dir='ltr'>utique</span> <span class='ocrx_word' id='word_1_250' title='bbox 785 3419 990 3498; x_wconf 81' lang='lat' dir='ltr'>extrinsecus,</span> <span class='ocrx_word' id='word_1_251' title='bbox 1021 3418 1094 3500; x_wconf 91' lang='lat' dir='ltr'>quia</span> <span class='ocrx_word' id='word_1_252' title='bbox 1118 3417 1156 3481; x_wconf 92' lang='lat' dir='ltr'>ab</span> <span class='ocrx_word' id='word_1_253' title='bbox 1180 3417 1250 3496; x_wconf 90' lang='lat' dir='ltr'>alio,</span> 
     </span>
     <span class='ocr_line' id='line_1_30' title="bbox 111 3521 1251 3604; baseline -0.003 -18"><span class='ocrx_word' id='word_1_254' title='bbox 111 3523 224 3586; x_wconf 91' lang='lat' dir='ltr'>merito</span> <span class='ocrx_word' id='word_1_255' title='bbox 256 3522 337 3604; x_wconf 92' lang='lat' dir='ltr'>quod</span> <span class='ocrx_word' id='word_1_256' title='bbox 363 3522 539 3586; x_wconf 91' lang='lat' dir='ltr'>monebitur</span> <span class='ocrx_word' id='word_1_257' title='bbox 563 3522 753 3586; x_wconf 85' lang='lat' dir='ltr'>extrinsecus</span> <span class='ocrx_word' id='word_1_258' title='bbox 776 3522 814 3587; x_wconf 90' lang='lat' dir='ltr'>ab</span> <span class='ocrx_word' id='word_1_259' title='bbox 839 3523 899 3587; x_wconf 91' lang='lat' dir='ltr'>alio</span> <span class='ocrx_word' id='word_1_260' title='bbox 923 3523 1094 3587; x_wconf 90' lang='lat' dir='ltr'>seeundum</span> <span class='ocrx_word' id='word_1_261' title='bbox 1118 3521 1251 3604; x_wconf 82' lang='lat' dir='ltr'>exempli</span> 
     </span>
    </p>
   </div>
   <div class='ocr_carea' id='block_1_3' title="bbox 216 3650 1081 3721">
    <p class='ocr_par' dir='ltr' id='par_1_3' title="bbox 216 3650 1081 3721">
     <span class='ocr_line' id='line_1_31' title="bbox 216 3650 1081 3721; baseline -0.003 -13"><span class='ocrx_word' id='word_1_262' title='bbox 216 3651 244 3721; x_wconf 83' lang='lat'>5]</span> <span class='ocrx_word' id='word_1_263' title='bbox 264 3650 298 3705; x_wconf 87' lang='lat' dir='ltr'>cf.</span> <span class='ocrx_word' id='word_1_264' title='bbox 311 3651 451 3705; x_wconf 88' lang='lat' dir='ltr'>Nemesius</span> <span class='ocrx_word' id='word_1_265' title='bbox 469 3651 487 3706; x_wconf 90' lang='lat' dir='ltr'>l.</span> <span class='ocrx_word' id='word_1_266' title='bbox 501 3668 522 3705; x_wconf 90' lang='lat' dir='ltr'>e.</span> <span class='ocrx_word' id='word_1_267' title='bbox 536 3667 561 3720; x_wconf 94' lang='lat' dir='ltr'>p.</span> <span class='ocrx_word' id='word_1_268' title='bbox 575 3653 608 3706; x_wconf 78' lang='lat'>34</span> <span class='ocrx_word' id='word_1_269' title='bbox 627 3651 669 3719; x_wconf 83' lang='lat'>(81</span> <span class='ocrx_word' id='word_1_270' title='bbox 689 3652 803 3720; x_wconf 64' lang='lat' dir='ltr'>Martha.</span> <span class='ocrx_word' id='word_1_271' title='bbox 858 3652 886 3720; x_wconf 88' lang='lat'>7]</span> <span class='ocrx_word' id='word_1_272' title='bbox 905 3652 982 3706; x_wconf 90' lang='lat' dir='ltr'>Luer.</span> <span class='ocrx_word' id='word_1_273' title='bbox 996 3652 1081 3708; x_wconf 80' lang='lat'>1304.</span> 
     </span>
    </p>
   </div>
   <div class='ocr_carea' id='block_1_4' title="bbox 110 3764 1251 4354">
    <p class='ocr_par' dir='ltr' id='par_1_4' title="bbox 110 3764 1251 4354">
     <span class='ocr_line' id='line_1_32' title="bbox 153 3764 1250 3833; baseline 0 -13"><span class='ocrx_word' id='word_1_274' title='bbox 153 3767 170 3820; x_wconf 84' lang='grc'>2</span> <span class='ocrx_word' id='word_1_275' title='bbox 189 3764 352 3833; x_wconf 84' lang='lat' dir='ltr'>coaegrescit</span> <span class='ocrx_word' id='word_1_276' title='bbox 369 3765 438 3820; x_wconf 83' lang='lat' dir='ltr'>Lat:</span> <span class='ocrx_word' id='word_1_277' title='bbox 457 3765 620 3819; x_wconf 88' lang='lat' dir='ltr'>cobaerescit</span> <span class='ocrx_word' id='word_1_278' title='bbox 637 3766 665 3819; x_wconf 92' lang='grc' dir='ltr'><strong>Β</strong></span> <span class='ocrx_word' id='word_1_279' title='bbox 718 3765 820 3819; x_wconf 87' lang='lat' dir='ltr'>scilieet</span> <span class='ocrx_word' id='word_1_280' title='bbox 842 3767 906 3821; x_wconf 82' lang='lat' dir='ltr'>Urs:</span> <span class='ocrx_word' id='word_1_281' title='bbox 928 3765 992 3819; x_wconf 88' lang='lat' dir='ltr'>socii</span> <span class='ocrx_word' id='word_1_282' title='bbox 1010 3768 1037 3818; x_wconf 91' lang='lat' dir='ltr'>et</span> <span class='ocrx_word' id='word_1_283' title='bbox 1055 3766 1090 3833; x_wconf 91' lang='lat' dir='ltr'>B,</span> <span class='ocrx_word' id='word_1_284' title='bbox 1109 3764 1172 3818; x_wconf 89' lang='lat' dir='ltr'>socii</span> <span class='ocrx_word' id='word_1_285' title='bbox 1193 3766 1250 3833; x_wconf 82' lang='lat' dir='ltr'>Get,</span> 
     </span>
     <span class='ocr_line' id='line_1_33' title="bbox 112 3851 1251 3921; baseline 0.003 -17"><span class='ocrx_word' id='word_1_286' title='bbox 112 3852 195 3905; x_wconf 87' lang='lat' dir='ltr'>saucii</span> <span class='ocrx_word' id='word_1_287' title='bbox 212 3853 358 3907; x_wconf 79' lang='lat' dir='ltr'>Herteltus</span> <span class='ocrx_word' id='word_1_288' title='bbox 411 3851 537 3919; x_wconf 88' lang='lat' dir='ltr'>cuiusque</span> <span class='ocrx_word' id='word_1_289' title='bbox 555 3853 668 3921; x_wconf 77' lang='lat' dir='ltr'>scripsi:</span> <span class='ocrx_word' id='word_1_290' title='bbox 686 3853 760 3906; x_wconf 88' lang='lat' dir='ltr'>cuius</span> <span class='ocrx_word' id='word_1_291' title='bbox 779 3854 807 3906; x_wconf 92' lang='lat' dir='ltr'><em>B</em></span> <span class='ocrx_word' id='word_1_292' title='bbox 860 3855 1019 3921; x_wconf 87' lang='lat' dir='ltr'>3pauorem</span> <span class='ocrx_word' id='word_1_293' title='bbox 1034 3853 1097 3907; x_wconf 80' lang='lat' dir='ltr'>cer:</span> <span class='ocrx_word' id='word_1_294' title='bbox 1114 3854 1251 3920; x_wconf 89' lang='lat' dir='ltr'>pauoreB</span> 
     </span>
     <span class='ocr_line' id='line_1_34' title="bbox 110 3938 1250 4008; baseline 0.001 -15"><span class='ocrx_word' id='word_1_295' title='bbox 110 3941 129 3993; x_wconf 77' lang='lat'><strong><em>4</em></strong></span> <span class='ocrx_word' id='word_1_296' title='bbox 147 3938 264 3993; x_wconf 86' lang='lat' dir='ltr'>animam</span> <span class='ocrx_word' id='word_1_297' title='bbox 282 3940 392 4008; x_wconf 76' lang='lat' dir='ltr'>scripsi:</span> <span class='ocrx_word' id='word_1_298' title='bbox 411 3939 499 3992; x_wconf 87' lang='lat' dir='ltr'>anima</span> <span class='ocrx_word' id='word_1_299' title='bbox 512 3940 538 3993; x_wconf 93' lang='lat' dir='ltr'><strong><em>B</em></strong></span> <span class='ocrx_word' id='word_1_300' title='bbox 591 3941 607 3994; x_wconf 89' lang='lat'>9</span> <span class='ocrx_word' id='word_1_301' title='bbox 625 3939 762 3993; x_wconf 91' lang='lat' dir='ltr'>hominem</span> <span class='ocrx_word' id='word_1_302' title='bbox 780 3940 892 4006; x_wconf 66' lang='grc'>10111111</span> <span class='ocrx_word' id='word_1_303' title='bbox 910 3955 1004 4007; x_wconf 90' lang='lat' dir='ltr'>eorpus</span> <span class='ocrx_word' id='word_1_304' title='bbox 1022 3945 1106 3993; x_wconf 81' lang='lat' dir='ltr'>mente</span> <span class='ocrx_word' id='word_1_305' title='bbox 1124 3941 1250 4008; x_wconf 75' lang='lat' dir='ltr'>supplea-</span> 
     </span>
     <span class='ocr_line' id='line_1_35' title="bbox 112 4025 1250 4094; baseline 0 -14"><span class='ocrx_word' id='word_1_306' title='bbox 112 4027 177 4082; x_wconf 81' lang='lat' dir='ltr'>dem</span> <span class='ocrx_word' id='word_1_307' title='bbox 198 4032 284 4082; x_wconf 81' lang='lat' dir='ltr'>censet</span> <span class='ocrx_word' id='word_1_308' title='bbox 307 4027 449 4082; x_wconf 72' lang='lat' dir='ltr'>Heraclius</span> <span class='ocrx_word' id='word_1_309' title='bbox 521 4042 585 4094; x_wconf 89' lang='lat' dir='ltr'>quae</span> <span class='ocrx_word' id='word_1_310' title='bbox 609 4026 661 4079; x_wconf 87' lang='lat' dir='ltr'>nisi</span> <span class='ocrx_word' id='word_1_311' title='bbox 683 4026 826 4094; x_wconf 87' lang='lat' dir='ltr'>corporalis</span> <span class='ocrx_word' id='word_1_312' title='bbox 847 4027 909 4082; x_wconf 82' lang='lat' dir='ltr'>Get:</span> <span class='ocrx_word' id='word_1_313' title='bbox 932 4042 1011 4093; x_wconf 87' lang='lat' dir='ltr'>quam</span> <span class='ocrx_word' id='word_1_314' title='bbox 1035 4025 1056 4077; x_wconf 90' lang='grc'>01</span> <span class='ocrx_word' id='word_1_315' title='bbox 1076 4025 1205 4094; x_wconf 87' lang='lat' dir='ltr'>corporali</span> <span class='ocrx_word' id='word_1_316' title='bbox 1223 4027 1250 4080; x_wconf 92' lang='lat' dir='ltr'><em>B</em></span> 
     </span>
     <span class='ocr_line' id='line_1_36' title="bbox 116 4112 1251 4182; baseline -0.002 -15"><span class='ocrx_word' id='word_1_317' title='bbox 116 4115 146 4167; x_wconf 84' lang='grc'>10</span> <span class='ocrx_word' id='word_1_318' title='bbox 165 4113 366 4182; x_wconf 86' lang='lat' dir='ltr'>derelinqueret,</span> <span class='ocrx_word' id='word_1_319' title='bbox 389 4113 496 4166; x_wconf 88' lang='lat' dir='ltr'>uidetur</span> <span class='ocrx_word' id='word_1_320' title='bbox 513 4115 625 4182; x_wconf 74' lang='lat' dir='ltr'>scripsi:</span> <span class='ocrx_word' id='word_1_321' title='bbox 648 4112 818 4181; x_wconf 85' lang='lat' dir='ltr'>derelinquet.</span> <span class='ocrx_word' id='word_1_322' title='bbox 842 4112 975 4166; x_wconf 88' lang='lat' dir='ltr'>Videntur</span> <span class='ocrx_word' id='word_1_323' title='bbox 992 4114 1027 4179; x_wconf 89' lang='lat' dir='ltr'>B,</span> <span class='ocrx_word' id='word_1_324' title='bbox 1057 4113 1251 4180; x_wconf 89' lang='lat' dir='ltr'>derelinqueret</span> 
     </span>
     <span class='ocr_line' id='line_1_37' title="bbox 116 4199 1250 4268; baseline 0 -14"><span class='ocrx_word' id='word_1_325' title='bbox 116 4199 172 4268; x_wconf 84' lang='lat' dir='ltr'>Get,</span> <span class='ocrx_word' id='word_1_326' title='bbox 190 4200 371 4268; x_wconf 88' lang='lat' dir='ltr'>derelinquere</span> <span class='ocrx_word' id='word_1_327' title='bbox 389 4199 525 4253; x_wconf 88' lang='lat' dir='ltr'>uideretur</span> <span class='ocrx_word' id='word_1_328' title='bbox 544 4202 687 4255; x_wconf 84' lang='lat' dir='ltr'>Hertelt&#39;es</span> <span class='ocrx_word' id='word_1_329' title='bbox 764 4203 794 4255; x_wconf 94' lang='grc'>11</span> <span class='ocrx_word' id='word_1_330' title='bbox 814 4200 947 4253; x_wconf 85' lang='lat' dir='ltr'>Platonici</span> <span class='ocrx_word' id='word_1_331' title='bbox 968 4202 1031 4255; x_wconf 68' lang='lat' dir='ltr'>aaz:</span> <span class='ocrx_word' id='word_1_332' title='bbox 1054 4200 1199 4253; x_wconf 87' lang='lat' dir='ltr'>Platonicis</span> <span class='ocrx_word' id='word_1_333' title='bbox 1223 4202 1250 4254; x_wconf 93' lang='lat' dir='ltr'><strong><em>B</em></strong></span> 
     </span>
     <span class='ocr_line' id='line_1_38' title="bbox 112 4287 1249 4354; baseline 0.002 -14"><span class='ocrx_word' id='word_1_334' title='bbox 112 4288 145 4341; x_wconf 80' lang='lat'>21</span> <span class='ocrx_word' id='word_1_335' title='bbox 165 4287 186 4340; x_wconf 92' lang='grc'>01</span> <span class='ocrx_word' id='word_1_336' title='bbox 205 4287 283 4352; x_wconf 87' lang='lat' dir='ltr'>adsit,</span> <span class='ocrx_word' id='word_1_337' title='bbox 303 4289 350 4340; x_wconf 86' lang='lat' dir='ltr'>aut</span> <span class='ocrx_word' id='word_1_338' title='bbox 367 4287 510 4341; x_wconf 88' lang='lat' dir='ltr'>inanimale</span> <span class='ocrx_word' id='word_1_339' title='bbox 527 4289 591 4342; x_wconf 82' lang='lat' dir='ltr'>edd.</span> <span class='ocrx_word' id='word_1_340' title='bbox 609 4289 658 4342; x_wconf 78' lang='lat' dir='ltr'>Gal</span> <span class='ocrx_word' id='word_1_341' title='bbox 711 4290 744 4343; x_wconf 84' lang='lat'>28</span> <span class='ocrx_word' id='word_1_342' title='bbox 763 4287 980 4354; x_wconf 79' lang='grc' dir='ltr'>0110001100100.Ι</span> <span class='ocrx_word' id='word_1_343' title='bbox 998 4287 1043 4354; x_wconf 93' lang='lat' dir='ltr'>qui</span> <span class='ocrx_word' id='word_1_344' title='bbox 1061 4288 1096 4351; x_wconf 91' lang='grc' dir='ltr'>Β,</span> <span class='ocrx_word' id='word_1_345' title='bbox 1117 4287 1249 4351; x_wconf 71' lang='grc'>0110001,</span> 
     </span>
    </p>
   </div>
   <div class='ocr_carea' id='block_1_5' title="bbox 115 4374 1095 4512">
    <p class='ocr_par' dir='ltr' id='par_1_5' title="bbox 115 4374 1095 4512">
     <span class='ocr_line' id='line_1_39' title="bbox 115 4374 396 4444; baseline 0.007 -17"><span class='ocrx_word' id='word_1_346' title='bbox 115 4374 171 4441; x_wconf 90' lang='lat' dir='ltr'>quis</span> <span class='ocrx_word' id='word_1_347' title='bbox 193 4377 253 4444; x_wconf 82' lang='lat' dir='ltr'>Urs,</span> <span class='ocrx_word' id='word_1_348' title='bbox 272 4375 322 4429; x_wconf 79' lang='lat' dir='ltr'>det.</span> <span class='ocrx_word' id='word_1_349' title='bbox 340 4377 396 4430; x_wconf 82' lang='lat' dir='ltr'>Iron</span> 
     </span>
     <span class='ocr_line' id='line_1_40' title="bbox 163 4466 1095 4512; baseline 0.002 -2"><span class='ocrx_word' id='word_1_350' title='bbox 163 4471 205 4511; x_wconf 80' lang='lat' dir='ltr'>XX.</span> <span class='ocrx_word' id='word_1_351' title='bbox 215 4471 273 4512; x_wconf 81' lang='lat' dir='ltr'>Tort.</span> <span class='ocrx_word' id='word_1_352' title='bbox 284 4470 300 4510; x_wconf 90' lang='grc' dir='ltr'>Ι.</span> <span class='ocrx_word' id='word_1_353' title='bbox 1061 4466 1095 4512; x_wconf 77' lang='grc'>20</span> 
     </span>
    </p>
   </div>
   <div class='ocr_carea' id='block_1_6' title="bbox 0 0 1425 4936">
    <p class='ocr_par' dir='ltr' id='par_1_6' title="bbox 0 0 1425 4936">
     <span class='ocr_line' id='line_1_41' title="bbox 0 0 1425 4936; baseline 0 0"><span class='ocrx_word' id='word_1_354' title='bbox 0 0 1425 4936; x_wconf 95' lang='lat' dir='ltr'> </span> 
     </span>
    </p>
   </div>
  </div>
 </body>
</html>
