2820 4914
160 386 222 450 278
389 385 502 451 Quinti
522 386 660 454 Septimi
679 385 848 439 Florentis
866 383 1066 437 Tertulliani

160 564 283 627 aemulo
306 562 397 626 modo
420 561 658 626 redaccenderet
680 560 794 640 inedia,
818 560 899 624 sicut
914 559 1088 624 extinxerat
1104 559 1221 643 sagina,
1242 581 1330 646 pro

160 667 250 730 unico
273 667 389 730 inlicito
412 666 503 748 plura
524 666 610 729 licita
633 667 858 729 centemnens?

202 769 232 834 4.
253 771 340 834 Haec
363 771 442 834 ratio
466 769 650 834 seruabatur
673 770 756 852 apud
778 768 1006 852 prouidentiam
1029 769 1081 833 dei
1103 788 1159 851 pro
1183 774 1293 853 tempo-

159 876 246 939 ribus
277 876 382 939 omnia
412 875 619 955 modulantiS,
651 894 689 938 ne
720 875 789 956 quis
821 893 857 937 cx
888 874 1012 938 diuerso
1044 875 1085 939 ad
1109 875 1278 939 deiciendam

133 1008 145 1047 a
159 979 402 1063 propositionem
419 984 569 1058 nostram,
586 997 641 1042 our
656 997 739 1062 crgo,
756 978 849 1059 dicat,
866 996 927 1043 non
945 979 1052 1042 statim
1070 980 1149 1043 deus
1165 980 1276 1061 aliquan

160 1085 262 1149 616166
293 1084 455 1148 6666111611
485 1084 736 1167 castigationem,
767 1083 843 1165 quin
872 1084 970 1147 immo
1001 1087 1032 1147 et
1062 1084 1275 1166 6611166166-

160 1189 302 1252 sionem?
348 1206 420 1251 nam
452 1189 483 1251 in
507 1188 681 1270 'primordio
713 1187 838 1268 quidem
861 1187 1027 1252 herbidum
1048 1189 1238 1252 solummodo
1254 1191 1276 1250 et

161 1292 325 1357 arboreum
342 1293 461 1356 bomini
479 1291 630 1375 pabulum
654 1292 828 1355 addixerat:
853 1310 935 1355 ecee
960 1292 1042 1356 dedi
1066 1291 1174 1356 nobis
1197 1311 1277 1356 omne

159 1398 309 1462 faenum
342 1396 591 1460 sementinum
622 1396 812 1459 seminans
844 1414 968 1459 semen
992 1396 1089 1477 quod
1113 1401 1279 1479 estsuper

107 1505 313 1581 1616111161,
352 1505 387 1564 et
424 1519 528 1563 omne
566 1500 710 1584 lignum
748 1499 841 1581 quod
875 1498 989 1564 habet
1022 1500 1060 1564 in
1099 1501 1281 1583 semetipso

159 1606 320 1669 11661661
344 1605 497 1668 66611616
522 1604 722 1668 6661661161
745 1602 850 1668 uobis
875 1604 946 1668 erit
969 1604 1006 1668 16
1027 1622 1160 1668 escam.
1194 1607 1284 1687 postea

158 1728 231 1773 noro
263 1710 301 1772 ad
324 1708 391 1772 Noe
420 1712 602 1773 enumerata
625 1708 815 1773 subiectione
839 1709 980 1773 omnium
1003 1708 1179 1773 bestiarum
1201 1712 1284 1773 terrae

159 1818 191 1877 et
221 1813 396 1877 uolatilium
426 1813 504 1877 caeli
535 1817 567 1876 et
597 1812 792 1876 mouentium
823 1813 855 1877 16
886 1816 970 1877 terra
994 1816 1025 1877 61
1047 1814 1183 1896 piscium
1206 1813 1286 1877 maris

159 1917 314 1981 61616616
338 1917 507 1999 serpentis,
539 1921 661 1997 erunt,
691 1918 805 1999 inquit,
836 1917 944 1982 uobis
967 1917 1003 1981 in
1027 1936 1167 1982 escam:
1198 1919 1290 1982 66161

107 2049 131 2087 15
158 2022 288 2086 holera
317 2022 419 2085 faeni
449 2022 532 2085 dedi
562 2022 668 2086 nobis
699 2022 892 2102 uniuersa,
927 2041 1055 2086 uerum
1087 2041 1234 2086 carnem
1260 2023 1291 2085 in

159 2127 344 2209 sanguine
379 2127 524 2190 animae
559 2144 647 2190 suae
681 2145 751 2190 non
786 2126 916 2190 edetis.
966 2144 1040 2190 nam
1072 2130 1103 2191 et
1135 2128 1195 2192 hoc
1223 2128 1292 2210 ipso,

158 2232 238 2312 quod
270 2249 339 2294 earn
372 2232 470 2294 solam
501 2249 626 2294 carnem
658 2231 724 2295 esui
756 2231 878 2311 eximit,
910 2230 998 2294 cuius
1029 2231 1137 2295 anima
1163 2250 1225 2296 non
1246 2251 1295 2314 per

160 2336 345 2418 sanguinem
369 2335 553 2429 effunditur,
582 2334 682 2398 omnis
706 2335 844 2417 reliquae
868 2335 969 2399 carnis
991 2354 1086 2399 usum
1109 2336 1296 2401 concessisse

160 2440 362 2503 manifestum
393 2444 449 2503 est.
497 2440 535 2503 ad
565 2439 642 2503 haec
672 2439 896 2522 respondemus
927 2458 989 2504 non
1018 2441 1208 2523 competisse
1231 2459 1298 2505 one-

105 2573 131 2610 20
159 2545 221 2607 rari
244 2544 404 2609 hominem
427 2544 533 2626 aliqua
556 2544 656 2608 adhuc
680 2544 886 2609 abstinentiae
909 2545 988 2627 lege,
1010 2545 1153 2626 quicum
1169 2546 1299 2608 maxime

159 2653 226 2712 tam
260 2649 363 2712 leuem
398 2649 646 2712 interdictionem
682 2649 773 2712 66166
808 2648 929 2712 scilicet
958 2648 1044 2731 pomi
1077 2650 1212 2713 tolerare
1243 2668 1300 2713 non

159 2753 274 2835 potuit3
307 2754 474 2816 remissum
505 2754 609 2834 itaque
639 2753 727 2816 111661
758 2752 902 2816 libertate
933 2752 1003 2834 ipsa
1027 2752 1305 2830 corroborandum.¹

160 2875 257 2938 aequo
279 2861 351 2939 post
373 2857 525 2921 diluuium
548 2857 580 2919 in
604 2857 823 2921 reformatione
845 2856 968 2940 generis
991 2857 1123 2920 humani
1144 2858 1301 2922 suffecisse

160 2980 256 3024 66661
279 2962 404 3025 16161161
426 2961 528 3044 legem
553 2979 571 3024 a
593 2962 744 3045 sanguine
768 2960 946 3025 abstinendi
968 2960 1123 3043 permisso
1147 2980 1208 3026 usu
1225 2965 1303 3026 cete-

107 3092 132 3129 aa
159 3084 274 3129 rorum.
322 3066 384 3129 iam
409 3066 490 3128 enirn
515 3065 666 3129 iudicium
689 3065 833 3130 dominus
857 3064 1037 3129 ostenderat
1058 3085 1115 3148 per
1139 3066 1301 3146 diluuium,

160 3169 261 3232 adhuc
292 3169 387 3232 etiam
418 3169 626 3232 comminatus
657 3170 760 3233 luerat
789 3187 843 3251 per
874 3169 1113 3251 exquisitionem
1141 3171 1302 3254 sanguinis

161 3274 198 3336 do
229 3292 324 3337 manu
354 3275 458 3338 fratris
487 3274 579 3338 etde
603 3292 697 3337 16666
723 3273 841 3338 bestiae
864 3274 976 3338 omnis.
1021 3273 1129 3356 itaque
1151 3275 1303 3339 iustitiam

160 3378 265 3441 indicii
295 3379 552 3460 praeministrans
584 3378 748 3441 materiam
778 3378 934 3442 libertatis
966 3378 1072 3442 emisit
1098 3398 1154 3460 per
1177 3381 1301 3443 ueniam

161 3501 334 3566 supparans
359 3483 565 3564 disciplinam,
588 3483 774 3564 permittens
795 3483 909 3563 omnia,
932 3486 968 3547 u't
984 3483 1124 3546 demeret
1140 3485 1303 3565 quaedam,

107 3614 133 3652 ao
160 3589 229 3670 plus
254 3591 429 3668 exacturus,
454 3587 479 3650 si
502 3588 573 3670 plus
597 3587 816 3668 commisisset,
841 3586 1065 3651 abstinentiam
1082 3587 1303 3670 imperatums,

162 3711 232 3754 cnm
264 3691 492 3775 indulgentiam
521 3691 743 3772 praemisisset,
775 3709 835 3772 quo
858 3691 970 3774 magis
998 3694 1034 3755 ut
1065 3690 1214 3774 diximus,
1244 3693 1305 3775 pri-

265 3933 293 4002 8]
314 3933 378 3987 Gen.
395 3936 416 3997 1,
431 3936 472 3988 29.
528 3933 571 4001 11]
592 3933 658 3988 Gen.
672 3937 696 3997 11,
709 3936 732 3987 2.
787 3933 832 4002 26]
853 3933 886 3987 el.
900 3932 965 3988 Gen.
979 3935 1004 3997 9,
1017 3935 1041 3989 5.

204 4163 220 4215 2
239 4160 317 4213 unico
338 4161 402 4214 Gcl:
419 4176 472 4213 uno
490 4161 517 4214 Β
579 4159 776 4213 incantantis
800 4160 829 4227 0,
852 4159 1017 4213 moderantis
1036 4161 1063 4215 Β
1128 4163 1145 4217 8
1165 4161 1304 4216 arboreum

163 4247 226 4301 Gal:
253 4247 376 4299 arborum
404 4249 431 4301 Β
501 4250 517 4301 9
545 4247 723 4299 661666116616
749 4246 812 4301 Gal:
838 4247 1017 4300 sementinum
1041 4249 1083 4314 B;
1104 4249 1144 4303 sic
1168 4256 1194 4303 at
1212 4256 1304 4319 posteo

163 4337 194 4388 14
214 4334 342 4402 serpentis
356 4336 390 4402 B,
410 4333 564 4388 uiuentisO
619 4336 650 4387 17
669 4333 724 4385 esui
741 4332 769 4401 0,
788 4352 838 4389 om.
852 4334 879 4387 Β
933 4335 967 4388 23
986 4349 1067 4401 aequo
1080 4335 1169 4389 Pane:
1188 4337 1304 4404 atqueB
