2828 4936
455 412 529 466 uiui.
546 387 593 465 'ne
612 410 777 480 pudicitia
794 410 905 463 ao-ci.
1185 407 1249 470 269

107 595 216 655 autem
240 590 325 653 deus.
365 589 439 671 quid
463 592 568 651 autem
585 584 821 666 docebatl'gfnon
838 584 1133 647 communicandum
1150 584 1250 665 operi-

106 694 167 759 bus
191 694 402 758 tenebrarum.
441 692 574 756 obserua
596 692 677 772 quod
700 691 795 753 iubet.
835 690 904 770 quis
928 691 1033 752 autem
1054 691 1177 771 poterat
1196 688 1250 752 do-

112 818 188 863 nare
220 799 355 862 delicta?
390 798 448 861 1100
478 798 572 861 solius
602 797 700 878 ipsius
733 798 791 860 est.
829 795 897 875 quis
929 795 1011 858 enim
1041 794 1171 856 dimittit
1197 793 1249 854 de-

106 904 194 983 licta,
218 903 252 966 ni
273 904 359 967 solus
383 904 480 965 deus?
505 905 535 965 et
557 901 663 981 utique
687 900 841 978 mortalia,
866 917 944 980 quae
965 899 998 961 in
1012 899 1117 980 ipsum
1133 897 1250 960 fuerint

107 1007 248 1071 admissa
278 1010 309 1070 et
338 1007 369 1069 in
399 1007 553 1088 templum
584 1006 671 1068 eius?
709 1023 782 1067 nam
812 1003 868 1067 tibi
899 1021 978 1084 quae
1008 1004 1040 1065 in
1068 1007 1098 1066 te
1125 1005 1248 1065 reatum
1289 1029 1301 1066 1

106 1111 247 1175 habeant
269 1111 365 1174 etiam
389 1110 567 1193 septuagies
592 1109 706 1190 septies
730 1109 846 1172 iuberis
869 1108 1030 1190 indulgere
1054 1108 1087 1170 in
1116 1124 1249 1189 persona

106 1215 203 1279 Petri.
242 1215 345 1296 itaque
374 1215 402 1277 si
428 1218 460 1278 et
486 1215 570 1296 ipsos
597 1214 706 1277 beatos
736 1213 891 1295 apostolos
919 1213 983 1276 tale
1006 1211 1123 1293 aliquid
1145 1211 1248 1274 indul-

107 1319 186 1382 sisse
211 1322 378 1399 oonstaret,
402 1319 490 1382 cuius
513 1319 606 1382 uenia
627 1318 731 1398 adeo,
756 1337 818 1382 non
840 1317 878 1381 ab
899 1317 1024 1381 homine
1048 1320 1247 1398 competeret,

107 1441 170 1487 non
194 1441 231 1486 er
254 1422 425 1505 disciplina,
450 1423 504 1486 sed
528 1442 563 1485 ex
586 1426 754 1506 potestate
765 1423 922 1486 fecissent.
962 1440 1036 1484 nam
1060 1424 1091 1485 et
1107 1424 1247 1485 mortuos

108 1526 350 1607 suscitauerunt,
367 1528 449 1609 quod
460 1528 536 1590 deus
553 1528 648 1607 solus,
665 1531 696 1592 et
711 1526 829 1590 debiles
845 1527 1148 1609 redintegrauerunt,
1166 1525 1247 1607 quod
1276 1550 1300 1588 ιο

107 1649 201 1694 nemo
225 1630 285 1694 nisi
308 1631 461 1711 Christus,
492 1632 588 1695 imino
620 1635 651 1695 et
681 1632 790 1714 plagas
818 1631 1004 1710 inflixerunt,
1037 1631 1117 1711 quod
1148 1630 1248 1693 noluit

109 1734 263 1800 Christus.
306 1753 368 1799 11011
399 1737 483 1798 enim
514 1736 643 1799 decebat
673 1756 745 1799 euin
777 1737 897 1799 saeuire
929 1735 981 1816 qui
1010 1736 1076 1816 pati
1107 1738 1245 1798 uenerat.

106 1858 275 1921 percussus
299 1843 347 1903 est
361 1839 501 1903 Ananias
525 1844 556 1903 et
571 1841 699 1920 Elimas,
723 1841 863 1904 Ananias
879 1844 988 1920 morte,
1014 1840 1132 1903 Elimas
1149 1840 1247 1903 caeci-

107 1947 182 2024 tate,
208 1946 242 2006 ut
264 1944 322 2007 hoc
343 1945 410 2024 ipso
434 1944 618 2026 probaretur
635 1944 793 2008 Christum
818 1948 849 2008 et
871 1944 949 2008 haec
972 1946 1074 2008 facere
1096 1946 1245 2025 potuisse.

106 2049 150 2111 sic
174 2050 207 2112 01
237 2048 406 2131 prophetae
437 2048 564 2112 caedem
595 2053 626 2112 et
656 2068 728 2111 cum
752 2068 787 2112 ca
811 2050 985 2113 moechiam
1012 2047 1245 2132 paenItentibus
1275 2075 1298 2112 15

106 2153 307 2234 ignouerant,
343 2153 414 2233 quia
449 2156 479 2216 et
514 2154 691 2217 seueritatis
722 2154 909 2218 documenta
938 2155 1088 2218 fecerunt.
1136 2154 1246 2217 exhibe

106 2255 202 2339 igitur
219 2258 250 2319 et
265 2274 348 2319 nunc
363 2256 450 2337 mihi,
467 2258 645 2338 apostolice,
662 2258 842 2340 prophetica
859 2259 1009 2340 exempla,
1026 2263 1061 2322 ut
1077 2276 1243 2341 agnoscam

107 2359 315 2439 diuinitatem,
339 2363 370 2423 et
393 2361 517 2424 uindica
539 2362 595 2425 tibi
618 2362 802 2426 delictorum
819 2363 970 2426 eiusmodi
985 2362 1245 2427 remittendorum

107 2466 306 2546 potestatem.
345 2465 426 2545 quod
454 2466 480 2528 si
508 2465 688 2548 disciplinae
716 2467 811 2531 solius
834 2467 936 2530 officia
960 2469 1088 2531 sortitus
1113 2486 1155 2547 es,
1187 2486 1244 2531 nec

106 2567 236 2650 imperio
259 2568 445 2650 praesidere,
469 2570 523 2632 sed
546 2571 729 2651 ministerio,
755 2572 824 2653 quis
847 2576 902 2635 aut
926 2576 1061 2653 quantus
1086 2591 1118 2635 es
1142 2571 1244 2634 indul·
1270 2599 1296 2637 20

107 2690 190 2754 gere,
221 2672 275 2752 qui
305 2691 403 2754 neque
434 2674 619 2756 prophetam
646 2694 702 2739 nec
726 2677 901 2758 apostolum
925 2676 1073 2740 exhibens
1097 2694 1183 2740 cares
1207 2695 1244 2739 ea

107 2774 221 2838 uirtute
252 2775 341 2838 cuius
372 2780 420 2840 est
448 2778 631 2861 indulgere?
674 2781 728 2844 sed
758 2780 868 2861 habet,
903 2782 1022 2862 inquis,
1052 2784 1242 2863 potestatem

108 2878 239 2942 ecclesia
261 2879 374 2943 delicta
397 2881 539 2945 donandi.
577 2884 635 2947 hoc
659 2903 715 2967 ego
739 2886 840 2968 magis
862 2889 892 2949 et
908 2903 1041 2968 agnosco
1058 2889 1089 2948 et
1103 2886 1242 2966 dispono,

108 2982 157 3063 qui
177 2982 281 3065 ipsum
296 2985 490 3066 paracletum
505 2987 537 3048 in
553 2987 711 3070 prophetis
729 2991 817 3053 nouis
833 2990 933 3053 habeo
950 2992 1119 3054 dicentem:
1140 2993 1244 3073 potest

108 3086 237 3150 ecclesia
259 3087 373 3151 donare
396 3089 554 3171 delictum,
578 3092 709 3156 sednon
726 3094 850 3174 faciam,
874 3114 912 3158 ne
929 3098 959 3158 et
975 3095 1035 3158 alia
1051 3095 1241 3177 delinquant.
1269 3120 1295 3158 10

107 3190 190 3271 quid,
222 3190 249 3253 si
270 3192 587 3276 pseudopropheticus
612 3197 738 3278 spiritus
761 3200 998 3280 pronuntiauit?
1033 3201 1120 3282 atqui
1142 3200 1242 3282 magis

108 3295 258 3358 euersoris
285 3296 399 3360 fuisset
425 3301 456 3360 et
483 3301 686 3381 semetipsum
715 3302 751 3364 de
779 3303 945 3367 clementia
969 3304 1187 3368 commendare
1212 3307 1243 3368 et

107 3401 225 3462 ceteros
256 3399 295 3461 ad
324 3399 568 3482 dehnquentiam
597 3406 760 3488 temptare.
800 3411 854 3471 aut
883 3409 910 3472 si
937 3412 967 3472 et
989 3409 1048 3473 hoc
1071 3410 1241 3474 secuudum

108 3501 251 3584 spiritum
274 3504 416 3568 ueritatis
440 3507 595 3571 adfectare
618 3510 757 3592 gestiuit,
781 3530 853 3594 ergo
877 3514 1004 3596 spiritus
1028 3515 1168 3579 ueritatis
1188 3533 1242 3596 po-

107 3607 167 3669 test
187 3607 313 3688 quidem
335 3609 496 3692 indulgere
519 3613 757 3679 fornicatoribus
780 3617 916 3697 ueniam,
945 3620 998 3682 sed
1018 3638 1089 3682 oum
1104 3620 1242 3701 plurium
1268 3643 1294 3682 ao

108 3711 188 3774 malo
220 3729 282 3775 uon
312 3713 389 3776 uult.
428 3715 465 3777 de
489 3719 543 3779 tua
566 3735 648 3781 nunc
672 3722 826 3784 sententia
848 3741 973 3804 quaero,
1004 3725 1086 3788 unde
1114 3725 1240 3789 hocius

147 3832 164 3884 3
182 3830 266 3898 ipsius
285 3833 319 3894 Β,
343 3833 451 3900 spiritus
469 3836 526 3889 Lot
577 3840 594 3890 4
613 3854 678 3906 quae
697 3840 760 3895 Get:
778 3842 848 3909 quod
867 3845 893 3896 B
947 3847 961 3898 7
981 3844 1051 3913 ipsos
1070 3844 1160 3898 beatos
1179 3863 1241 3915 apo-

108 3916 233 3985 0101000,
251 3917 366 3986 ipsosab
379 3923 554 3990 coapostolos
568 3926 603 3992 Β,
621 3926 685 3994 ipsis
703 3926 787 3981 beatis
806 3930 932 3997 apostolis
952 3932 1002 3986 (101
1054 3932 1195 3985 indulsisse
1212 3935 1241 4002 0,

109 4000 261 4057 indulsisset
284 4007 311 4059 Β
346 4006 531 4064 9100100οθοι
585 4015 617 4066 13
630 4017 715 4067 1110110
727 4018 754 4067 01
766 4016 866 4069 Elimas
879 4020 920 4085 B;
931 4022 958 4072 et
971 4021 1019 4073 0101,
1036 4020 1085 4074 (101
1139 4022 1171 4074 14
1183 4021 1240 4090 ipso

109 4089 263 4154 probaretur
285 4091 312 4159 Ο,
335 4092 422 4161 ipsum
441 4096 565 4163 probaret
582 4100 609 4152 Β
682 4104 713 4154 lo·
735 4102 894 4169 ignonerant
919 4107 981 4160 Gcl:
1003 4106 1191 4173 ignorauerant
1214 4109 1241 4161 Β

112 4176 138 4230 11
156 4180 186 4230 ut
209 4178 348 4234 chlcros:
366 4185 392 4234 et
409 4184 436 4235 B
507 4188 538 4239 18
557 4186 667 4239 ueridica
685 4189 712 4241 Β
783 4194 816 4245 24
835 4193 910 4245 nouis
928 4193 1012 4246 habeo
1033 4195 1095 4248 eei:
1113 4195 1188 4248 nobis
1207 4195 1240 4248 ab

111 4273 135 4313 eo
157 4265 184 4317 Β
237 4267 269 4320 25
293 4265 338 4318 alii
360 4269 537 4325 Horuochc'us
591 4276 623 4329 28
647 4277 776 4343 temptare
796 4280 873 4334 Scal:
896 4283 1041 4350 temperare
1060 4284 1088 4336 Β
1144 4285 1175 4338 31
1198 4283 1240 4336 ius

114 4347 169 4403 dei:
186 4350 292 4405 iussisse
310 4355 337 4407 Β
