2820 4914
156 378 218 442 330
389 379 503 444 Quinti
523 380 660 447 Septimi
679 380 844 434 Florentis
863 380 1064 434 Tertulliani

156 574 210 638 per
242 575 335 636 quem
366 557 449 620 enim
479 557 551 638 quid
582 561 719 637 constat,
751 557 879 621 inferius
908 557 975 639 ipso
999 561 1057 637 est,
1082 576 1181 638 neque
1202 576 1307 639 sepa-

156 661 289 723 randum
312 679 330 724 a
353 680 456 740 sensu,
479 681 535 742 per
557 662 639 742 quod
663 663 745 725 e'nim
769 662 841 743 quid
865 667 922 742 est,
950 681 1022 724 curu
1045 662 1112 744 ipso
1136 666 1191 724 est.

201 763 250 827 19.
272 763 276 848 Ι
296 764 355 829 Sed
387 786 425 829 nc
456 766 499 828 illi
531 766 656 847 quidem
679 767 897 847 praetereundi
920 767 973 847 qui
996 766 1048 829 uel
1071 767 1190 830 modico
1212 770 1321 832 tem-i

53 856 56 860 ⁴
156 869 238 949 poris
262 869 391 932 uiduant
414 871 551 933 animam
575 871 743 934 intellecto.
780 871 907 952 perinde
936 871 1019 934 enim
1043 871 1128 933 uiam
1152 875 1298 937 sternunt

117 1000 129 1037 ⁵
156 977 265 1054 postea
287 974 451 1037 inducendi
475 974 540 1036 eius
564 975 644 1037 sieut
667 979 698 1038 et
721 976 827 1054 animi,
858 994 876 1037 a
907 992 967 1055 quo
991 974 1112 1037 scilicet
1132 975 1291 1056 proueniat

155 1078 342 1141 intellectus.
381 1080 490 1142 uolunt
520 1080 683 1142 infantiam
715 1080 781 1142 sola
811 1080 915 1142 anima
945 1078 1108 1158 contineri,
1139 1097 1199 1160 qua
1223 1083 1283 1144 tan·

156 1184 317 1246 turumodo
340 1184 436 1264 uiuat,
460 1202 522 1247 nou
546 1189 581 1247 ut
603 1184 719 1266 pariter
742 1184 853 1266 sapiet,
876 1184 947 1265 quia
970 1202 1027 1246 nee
1047 1183 1155 1247 omnia
1175 1184 1278 1266 sapiant

157 1306 235 1368 quae
258 1289 374 1351 uiuant.
415 1289 546 1369 denique
570 1288 695 1352 arbores
719 1289 825 1351 uiuere
848 1308 905 1351 nec
928 1291 1035 1351 tamen
1056 1305 1166 1369 sapere
1186 1307 1273 1351 seeun-

157 1393 231 1455 dum
247 1391 449 1472 Aristotelen,
473 1394 544 1456 etsi
568 1393 636 1474 quis
661 1393 740 1456 alius
764 1392 973 1456 substantiam
990 1393 1161 1456 animalem
1176 1394 1206 1455 in
1224 1394 1271 1454 uni·

106 1522 130 1557 ιο
156 1515 248 1560 uersa
271 1498 488 1561 communicat.
528 1515 606 1578 quae
631 1497 711 1580 apud
734 1515 790 1561 nos
813 1498 845 1560 in
868 1497 994 1561 homine
1017 1499 1144 1578 priuata
1165 1516 1211 1560 res
1232 1500 1269 1574 est,

156 1619 218 1665 non
242 1602 333 1664 modo
357 1606 392 1664 ut
415 1602 462 1664 dei
486 1620 573 1683 opus,
597 1601 679 1682 quod
703 1606 734 1664 et
756 1605 868 1681 cetera,
893 1601 947 1664 sed
970 1600 1269 1682 edacitatisque

156 1706 232 1768 haec
256 1707 322 1769 sola
345 1725 439 1787 quam
462 1706 592 1768 dicimus
615 1724 688 1769 eum
711 1706 794 1770 orrrni
818 1707 973 1769 instructu
1001 1723 1056 1768 suo
1086 1706 1181 1769 nasei.
1214 1708 1237 1768 et
1253 1703 1269 1765 si

157 1810 194 1872 ad
219 1810 343 1873 arbores
366 1828 582 1891 prouooamur,
614 1811 838 1892 amplectemur
862 1810 1050 1891 exemplum,
1083 1810 1232 1890 siquidem,
1250 1811 1271 1870 et
1323 1824 1325 1837 ·

158 1915 217 1976 illis
241 1915 374 1977 necdum
397 1915 581 1994 arbusculis,
606 1915 658 1976 sed
684 1915 842 1996 stipitibus
866 1915 967 1977 adhue
990 1917 1023 1977 et
1038 1915 1169 1977 surculis
1185 1916 1271 1977 etian-

106 2044 130 2081 15
158 2038 250 2098 nunc,
282 2020 373 2082 simul
398 2020 435 2081 de
459 2019 620 2082 scrobibus
644 2020 794 2098 oriuntur,
825 2019 907 2082 inest
935 2018 1060 2100 propria
1091 2019 1140 2082 uis
1163 2019 1272 2081 animae.

157 2141 265 2185 uerum
296 2143 351 2204 pro
382 2125 530 2205 temporis
562 2125 679 2188 ratione
710 2121 883 2186 remoratur
914 2123 1093 2185 coalescens
1124 2126 1156 2186 et
1185 2120 1274 2186 coado-

157 2227 277 2290 lcseeus
298 2228 399 2291 robori
420 2247 486 2307 suo,
510 2229 607 2291 donec
628 2232 714 2291 aetas
735 2228 905 2309 adimpleat
924 2226 1079 2306 habitum,
1104 2245 1164 2308 quo
1185 2229 1276 2290 natura

157 2333 315 2414 iungatur.
355 2335 408 2395 aut
438 2333 518 2394 unde
550 2351 619 2395 mox
650 2332 709 2394 illis
734 2337 764 2395 et
793 2332 921 2395 frutices
944 2331 1143 2395 inoculantur
1170 2335 1200 2394 et
1219 2329 1278 2392 folia

156 2438 330 2500 formantur
354 2441 384 2500 ot
407 2438 548 2519 genuina
571 2436 718 2500 inflantur
746 2441 777 2500 et
807 2436 925 2501 flosculi
955 2436 1140 2499 inornantur
1171 2439 1201 2498 et
1227 2433 1280 2496 suoi

105 2568 130 2604 20
157 2542 354 2620 condiuntur,
383 2541 410 2603 si
433 2560 493 2604 non
518 2542 550 2603 iu
574 2541 648 2623 ipsis
672 2541 773 2604 omnis
796 2544 942 2623 paratura
964 2541 1089 2623 generis
1113 2539 1239 2621 quiescit
1257 2540 1281 2599 et

157 2646 297 2727 partibus
314 2649 455 2727 promota
471 2646 668 2728 grandescit?
692 2645 764 2708 inde
780 2646 872 2728 igitur
889 2649 919 2708 et
935 2646 1061 2727 sapiunt
1077 2644 1160 2707 unde
1176 2644 1282 2719 uiuunt,

157 2755 221 2812 tam
247 2750 374 2813 uiuendi
397 2768 491 2831 quam
515 2750 654 2831 sapiendi
678 2751 878 2832 proprietate,
903 2752 934 2813 et
957 2748 1084 2829 quidem
1105 2748 1145 2812 ab
1166 2747 1286 2810 infantia

158 2859 189 2917 et
211 2857 297 2937 ipsae
320 2874 385 2918 sua.
425 2855 515 2919 uideo
540 2856 622 2917 euim
647 2859 679 2918 et
702 2855 799 2918 uitem
823 2854 924 2917 adhuc
947 2859 1088 2917 teneram
1112 2860 1144 2917 et
1166 2851 1287 2936 inpube·

157 2977 224 3021 rem
255 2960 489 3042 intellegentem
521 2963 626 3023 tamen
657 2959 718 3021 iam
752 2977 845 3042 opera
875 2976 932 3021 sua
963 2961 994 3021 et
1023 2958 1183 3021 uolentem
1207 2956 1290 3020 alicui

106 3088 131 3125 ες»
158 3063 335 3142 adhaerere,
359 3065 407 3126 cui
424 3065 527 3127 innixa
544 3067 575 3126 et
590 3064 704 3126 innexa
717 3063 866 3144 proficiat.
899 3062 1031 3142 denique
1054 3080 1118 3124 non
1140 3065 1292 3144 expectata

158 3167 275 3230 rustica
298 3168 467 3249 disciplina,
499 3169 564 3231 sinc
593 3168 752 3247 arundine,
781 3168 847 3230 siue
870 3185 972 3245 ceruo,
1003 3166 1029 3228 si
1053 3165 1128 3246 quid
1151 3165 1293 3247 attigerit,

157 3272 239 3334 ultro
270 3271 410 3351 ambibit,
439 3272 442 3354 l
472 3276 503 3334 et
534 3272 658 3353 quidem
688 3271 832 3334 uiriosius
854 3269 1086 3352 'amplexabitur
1109 3270 1148 3333 de
1173 3287 1229 3333 suo
1251 3270 1325 3331 in-f.i

158 3376 249 3459 genio
281 3395 374 3458 quam
406 3377 442 3439 dc
473 3379 525 3439 tuo
558 3375 694 3439 arbitrio.
733 3379 878 3458 properat
901 3394 969 3438 esse
993 3391 1111 3437 secura.
1152 3374 1243 3437 uideo
1270 3376 1298 3436 et

159 3481 277 3560 ederas,
309 3484 462 3562 quantum
495 3482 571 3544 uelis
602 3498 738 3562 premas,
770 3480 876 3543 statim
908 3479 947 3542 ed
978 3495 1114 3559 superna
1142 3478 1248 3541 conari
1270 3481 1298 3540 et

107 3610 132 3647 oo
159 3586 244 3649 nullo
268 3589 436 3668 praeeunte
461 3585 619 3666 suspendi,
644 3585 725 3665 quod
748 3584 861 3646 malint
883 3582 1053 3665 parietibus
1076 3582 1185 3645 inuehi
1202 3581 1298 3645 tent-ili

262 3706 290 3773 o]
310 3704 343 3757 cf.
356 3704 466 3758 Aristot.
482 3704 514 3757 de
533 3705 622 3757 anima
640 3703 668 3756 II
687 3707 709 3758 2.

201 3814 218 3865 3
246 3809 498 3863 INTELLECTVM
526 3809 667 3862 SEMPER
694 3807 846 3874 (SEMPER
869 3825 920 3862 orat.
938 3808 977 3873 A)
1004 3804 1146 3859 ANIMAE
1170 3805 1300 3859 Inessa

159 3899 221 3962 AB,
241 3916 290 3952 om.
306 3897 356 3952 Ga
411 3898 428 3949 4
445 3895 555 3964 perinde
573 3897 685 3964 scripsi:
702 3893 813 3962 proinde
831 3895 887 3947 AB
945 3897 960 3948 5
979 3895 1006 3945 et
1024 3892 1108 3954 animi
1128 3909 1143 3944 a
1162 3908 1217 3959 quo
1236 3895 1303 3961 lup.-

159 3988 185 4038 et
199 3985 281 4037 animi
290 4001 334 4036 ma
344 4000 395 4050 quo
405 3985 440 4051 A,
454 3987 480 4035 et
492 3983 581 4034 anima
594 3998 646 4049 quo
656 3982 729 4045 iam
740 3981 829 4033 anima
841 3980 891 4035 Gal
934 3983 950 4034 9
961 3977 1125 4031 aristotelem
1135 3980 1162 4032 B
1210 3983 1241 4035 11
1253 3995 1301 4047 quo

158 4072 223 4124 haec
242 4069 297 4123 sola
315 4073 377 4139 fort.
432 4071 464 4124 12
483 4069 600 4121 nascitur
617 4071 681 4136 fort.
738 4070 769 4122 14
789 4068 1042 4121 etiamnueAcorr.
1098 4068 1131 4120 17
1150 4066 1302 4134 impleatA

161 4161 193 4213 18
211 4158 378 4211 frutiecesA
431 4159 465 4210 22
483 4156 699 4224 propriaetateA
753 4158 787 4208 24
805 4152 903 4206 alicubi
924 4154 973 4207 Gel
1026 4154 1059 4207 25
1078 4168 1140 4205 curn
1158 4153 1188 4206 B
1245 4154 1303 4206 nixa

159 4248 186 4299 A
205 4263 272 4301 corr.
327 4247 360 4298 26
380 4259 456 4296 ceruo
475 4244 582 4311 ABmp,
602 4258 666 4294 orno
685 4244 719 4308 B,
739 4257 817 4294 corno
837 4242 908 4294 Pam
961 4242 993 4294 27
1013 4238 1128 4292 ambibit
1140 4240 1215 4294 Lat:
1233 4257 1303 4292 arna-

159 4331 200 4387 bit
208 4334 263 4386 AB
311 4329 503 4403 amplexabitur
516 4331 604 4386 ouuA
651 4332 685 4384 29
697 4329 834 4397 primasA
881 4330 915 4381 30
928 4326 992 4380 mali
1005 4325 1302 4394 inparietibusAcorr.
