2820 4914
220 368 284 432 266
446 368 562 435 Quinti
581 369 720 439 Septimi
740 369 906 424 Florentia
925 370 1125 424 Tertulliani

220 545 250 607 ei
283 545 397 608 uitam
425 546 608 626 dominus,
639 547 701 629 qni
722 565 793 610 non
817 546 860 611 ad
884 551 1040 610 mortem
1062 546 1264 628 delinquit.
1311 551 1363 610 est

220 650 316 713 enim
339 650 516 713 delictum
540 651 583 714 ad
607 655 776 724 mortem;
800 668 869 714 000
894 650 937 713 de
960 668 1000 714 eo
1023 650 1117 730 dico,
1140 654 1183 714 ut
1206 650 1361 733 quispo

220 755 347 818 stulet.
394 755 577 818 meminerat
608 759 639 818 et
667 755 733 837 ipse
756 755 949 819 Hieremiam
971 754 1166 837 prohibitum
1189 773 1209 818 a
1231 755 1291 819 deo
1313 755 1361 818 do·

219 859 337 940 precari
367 877 422 941 pro
452 860 566 942 populo
597 859 740 923 mortalia
767 860 973 940 delinquente.
1019 859 1137 923 omnis
1170 859 1359 924 iniustitia

180 962 398 1026 adelictum
434 967 505 1043 est,
543 968 579 1027 et
614 969 670 1027 est
704 963 882 1027 delictum
916 963 959 1026 ad
993 965 1160 1026 mortem.
1224 964 1357 1028 scimus

220 1068 357 1147 autem,
388 1067 483 1148 quod
513 1067 649 1147 omnis,
680 1068 742 1149 qni
767 1086 808 1131 er
831 1068 896 1131 deo
919 1070 1029 1130 natus
1053 1067 1116 1147 sit,
1148 1085 1222 1131 non
1246 1068 1358 1132 delin-

219 1172 313 1252 quit,
345 1171 463 1235 scilieet
493 1171 641 1236 delictum
673 1172 755 1253 quod
786 1172 824 1234 ad
854 1175 988 1235 mortem
1019 1175 1075 1235 est.
1120 1171 1166 1236 ita
1196 1171 1277 1236 nihil
1300 1172 1357 1236 ianr

219 1280 362 1357 superest
392 1294 486 1357 quam
509 1280 563 1339 aut
587 1295 681 1359 neges
705 1276 878 1340 moechiam
902 1280 934 1339 et
955 1275 1193 1340 fornicationem
1217 1277 1358 1341 mortalia

219 1399 288 1443 osse
311 1380 434 1460 delicta,
458 1385 513 1444 aut
534 1379 770 1445 inremissibilia
792 1380 930 1461 fatearis,
954 1399 1008 1463 pro
1032 1380 1144 1461 quibus
1162 1399 1222 1444 nec
1240 1400 1358 1446 exorare

168 1509 192 1548 ιο
218 1484 420 1565 permittitur.

261 1587 312 1652 20.
329 1590 504 1672 Disciplina
524 1590 618 1674 igitur
642 1590 854 1673 apostolorum
876 1590 998 1674 proprie
1021 1590 1148 1672 quidem
1171 1590 1304 1655 instruit
1326 1609 1360 1654 ao

218 1694 407 1758 determinat
435 1695 647 1778 principaliter
681 1695 857 1759 sanctitatis
889 1695 991 1759 omnis
1021 1713 1096 1778 erga
1124 1696 1286 1778 templum
1314 1696 1361 1759 dei

219 1799 390 1862 antistitem
414 1803 444 1863 et
467 1798 582 1881 ubique
606 1800 643 1863 de
667 1799 798 1863 eeclesia
821 1799 1031 1863 eradicantem
1050 1818 1143 1864 omne
1161 1800 1360 1885 sacrilegium

218 1902 419 1985 inpudicitiae
449 1904 515 1967 sine
546 1904 610 1967 ulla
641 1903 845 1967 restitutionis
876 1904 1045 1968 mentione.
1090 1904 1162 1968 0010
1193 1908 1305 1969 tamen
1328 1924 1362 1968 er

167 2029 191 2068 0
218 2007 424 2071 redundanb'a
453 2008 584 2072 alieuius
615 2009 710 2072 etiam
741 2009 865 2071 comitis
899 2009 1110 2090 apostolorum
1145 2010 1363 2073 testimonium

218 2111 435 2193 superducere,
459 2113 603 2176 idoneum
628 2112 831 2177 confirmandi
854 2112 891 2175 de
914 2113 1052 2194 proximo
1074 2113 1141 2177 inre
1161 2112 1364 2196 disciplinam

218 2216 450 2298 magistrorum.
494 2221 578 2280 artat
601 2217 684 2280 enim
709 2221 740 2280 ct
763 2216 926 2280 Barnabae
949 2217 1059 2280 titulus
1084 2216 1122 2280 ad
1145 2217 1324 2298 Hebraeae,
1347 2237 1364 2282 a

218 2319 275 2383 deo
303 2320 378 2384 satis
404 2321 554 2385 auctorati
577 2321 649 2400 uiri,
680 2325 716 2385 ut
739 2339 832 2402 quem
856 2321 972 2384 Paulus
996 2322 1081 2385 iuxta
1103 2340 1137 2384 se
1159 2323 1365 2387 constituerit

218 2424 249 2486 in
266 2423 475 2488 abstinentiae
491 2428 613 2488 tenore:
638 2428 701 2489 aut
724 2444 790 2508 ego
814 2425 915 2490 solus
939 2428 974 2488 et
989 2423 1181 2489 Barnabas
1208 2445 1282 2490 non
1305 2427 1363 2490 ha·

164 2551 189 2591 ao
217 2527 345 2593 bernus
380 2530 557 2612 operandi
592 2532 841 2612 potestatem?
897 2534 928 2592 et
956 2529 1064 2611 utique
1094 2530 1251 2612 receptior
1282 2531 1361 2613 apud

216 2634 362 2697 ecclesias
386 2634 518 2716 epistola
538 2634 701 2698 Barnabae
724 2635 776 2697 illo
800 2634 975 2716 apocrypho
991 2633 1120 2698 Pastore
1145 2634 1360 2699 moechorum.

216 2756 347 2801 monens
378 2738 483 2818 itaque
515 2738 680 2820 discipulos
711 2738 836 2802 omissis
864 2736 1009 2801 omnibus
1040 2737 1135 2801 initiis
1169 2738 1211 2802 ad
1242 2740 1360 2822 periec-

215 2841 333 2904 tionem
368 2842 468 2924 magis
503 2842 630 2906 tendere
669 2861 726 2905 nec
765 2861 872 2905 rursus
908 2841 1114 2905 fundamenta
1148 2844 1358 2925 paenitentiae

216 2946 316 3009 iacere
333 2945 371 3009 ab
389 2946 532 3029 operibus
549 2949 754 3026 mortuorum,
779 2946 1015 3028 impossibile
1036 2949 1093 3010 est
1113 2946 1228 3027 enim,
1250 2947 1357 3029 inquit,

95 3129 97 3135 Α
163 3071 188 3110 aa
218 3068 278 3113 eos
310 3051 372 3132 qui
401 3052 514 3114 semel
542 3051 758 3114 inluminati
783 3054 870 3114 sunt
893 3054 928 3114 et
950 3050 1084 3114 donum
1107 3049 1279 3115 caeleste
1302 3070 1358 3134 gn·

216 3157 415 3218 stauarunt
439 3158 474 3218 et
495 3155 825 3238 participauerunt
847 3155 1022 3237 spiritum
1043 3157 1216 3218 sanctum
1232 3158 1269 3218 et
1284 3174 1357 3219 uer·

215 3257 301 3321 bum
332 3258 390 3321 dei
421 3258 527 3322 drrloe
554 3261 821 3342 gustauerunt,
852 3259 1045 3323 occidente
1068 3259 1138 3321 iam
1163 3275 1257 3322 aeuo
1282 3277 1357 3323 cum

216 3362 438 3441 exciderint,
461 3381 591 3426 rursus
607 3363 777 3426 reuocari
792 3364 828 3426 in
844 3362 1130 3445 paenitentiam,
1150 3363 1357 3446 refigentes

215 3467 317 3530 eruci
339 3466 375 3530 in
399 3467 622 3549 semetipsos
646 3467 770 3531 tilium
794 3468 851 3529 dei
875 3470 910 3530 et
933 3466 1213 3530 dedecorantes.
1261 3471 1359 3531 terra

163 3592 189 3631 ao
216 3570 312 3634 enim
345 3588 438 3652 quae
465 3570 563 3634 bibit
585 3572 736 3654 saepius
760 3571 1024 3634 denenientem
1047 3570 1084 3633 in
1107 3588 1145 3633 se
1167 3569 1359 3635 humorem

321 3733 349 3802 4]
372 3737 383 3788 l
404 3733 460 3787 Ioh.
475 3738 499 3799 5,
514 3738 544 3789 17
559 3750 596 3802 sq.
653 3735 697 3803 19]
718 3738 730 3790 l
751 3734 809 3790 Cor.
823 3736 848 3798 9,
862 3739 885 3789 o.
940 3733 986 3803 24]
1005 3731 1086 3787 Hebr.
1100 3735 1124 3797 6,
1137 3735 1154 3788 4
1167 3748 1226 3802 sqq.

257 3885 273 3937 9
286 3881 355 3934 orari
373 3883 423 3937 Urs
478 3885 509 3937 11
523 3882 633 3935 instruit
646 3898 677 3936 ae
690 3881 851 3935 determinat
866 3881 929 3936 Gel:
947 3881 1126 3935 instrumenta
1138 3880 1360 3935 determinantB

217 3972 248 4024 la
261 3968 331 4022 eirca
343 3969 454 4038 quidone
508 3972 540 4025 13
554 3968 702 4022 antistitem
717 3969 780 4024 Gai:
798 3967 968 4021 sanctitatem
981 3970 1007 4021 et
1020 3969 1055 4034 B,
1069 3967 1232 4021 anxietatem
1245 3971 1275 4022 et
1288 3970 1361 4023 Hor-

213 4057 293 4111 teliua
347 4057 384 4125 et]
399 4055 552 4123 011000,οἀ
570 4055 696 4111 Oeblerus
750 4053 939 4108 eradicandum
956 4054 1081 4109 Oeblerus
1130 4055 1162 4108 14
1176 4054 1361 4122 impudicitiae

213 4144 285 4198 Lat:
302 4142 487 4211 pudioitiaeB
542 4145 573 4198 15
587 4141 749 4195 redundanti
762 4143 818 4196 Lat
873 4139 1200 4197 lladeoScal:adeoB
1258 4145 1292 4199 18
1305 4158 1363 4196 auc-

213 4228 859 4296 1000118001·0001001101111,0001001101101100
912 4229 946 4282 20
957 4227 1007 4280 hoc
1020 4226 1148 4295 operandi
1160 4227 1234 4282 Pam
1291 4229 1365 4284 acet

213 4315 481 4387 partieipauerunt—
494 4318 527 4370 27
546 4317 723 4383 gustauerunt
745 4314 773 4381 0,
792 4333 843 4370 om.
862 4315 889 4369 B
943 4316 976 4369 28
995 4312 1117 4366 renouari
1134 4314 1193 4368 Lat
