2820 4914
173 369 215 433 38
403 369 515 435 Quinti
535 370 672 438 Septimi
692 370 860 424 Florentio
878 371 1078 425 Tertulliani

173 548 312 612 rantium
335 549 367 610 in
391 547 490 610 officio
515 544 519 630 1
543 548 594 610 uel
616 548 648 610 in
671 549 785 611 honore
809 553 840 611 11
862 567 921 612 usu
945 548 1179 613 daemoniorum
1203 550 1317 632 depre-
1330 555 1399 611 1111

174 652 360 715 henduntur.

219 754 248 819 9.
272 755 562 820 Animaduertimus
592 758 674 820 inter
702 760 784 820 artes
809 757 904 820 etiam
928 758 1135 840 professiones
1159 759 1317 840 quasdam

175 861 322 925 obnoxias
346 860 547 925 idololatriae.
583 861 619 923 de
643 861 805 944 astrologis
829 881 867 925 ne
890 861 1079 943 loquendum
1104 863 1230 945 quidem
1255 866 1316 927 est.

136 987 149 1026 s
176 966 231 1030 sed
251 966 397 1046 quoniam
417 965 542 1046 quidam
558 965 627 1028 istis
648 965 757 1029 diebus
777 968 958 1048 prouocauit
978 967 1146 1031 defendens
1166 967 1227 1031 sibi
1243 987 1319 1050 per-

175 1069 386 1134 seuerantiam
413 1069 615 1153 professionis
643 1069 744 1149 istius,
772 1071 878 1152 paucis
901 1074 980 1134 utar.
1005 1089 1067 1135 non
1091 1072 1201 1155 allego,
1231 1073 1319 1153 quod

175 1175 258 1239 idola
279 1175 419 1254 honoret,
444 1193 575 1256 quorum
598 1175 725 1238 nomina
747 1175 832 1238 caelo
855 1175 1024 1258 inscripsit,
1048 1176 1161 1257 quibus
1185 1194 1318 1240 omnem

176 1279 225 1343 dei
254 1280 443 1361 potestatem
470 1278 600 1358 addixit,
632 1279 713 1359 quod
742 1281 906 1361 propterca
935 1280 1078 1344 homines
1108 1299 1170 1344 non
1198 1284 1320 1363 putant

176 1384 269 1448 deum
291 1383 514 1464 requirendum
536 1386 772 1465 praesumentes
797 1384 959 1447 stellarum
980 1403 1036 1448 nos
1056 1385 1249 1449 immutabili
1265 1403 1320 1448 ar-

125 1508 150 1548 11
177 1488 269 1552 bitrio
298 1488 361 1570 agi:
394 1506 492 1550 unum
519 1505 672 1570 propono,
703 1489 830 1571 angelos
859 1508 927 1552 esse
954 1489 1025 1553 illos
1053 1489 1227 1553 desertores
1255 1490 1319 1570 dei,

176 1595 331 1656 amatores
355 1592 552 1672 feminarum,
575 1593 746 1674 proditores
769 1593 862 1656 etiam
884 1593 976 1656 huius
1000 1594 1196 1674 curiositatis,
1220 1613 1319 1677 prop-

176 1700 262 1761 terea
285 1713 405 1778 quoque
429 1696 592 1759 damnatos
608 1715 626 1760 a
643 1696 708 1760 deo.
743 1715 760 1760 o
778 1696 884 1760 diuina
900 1697 1055 1761 sententia
1077 1717 1175 1780 usque
1198 1699 1239 1762 ad
1254 1702 1320 1762 ter-

75 1867 77 1872 ,
130 1884 132 1889 .
177 1819 245 1865 ram
268 1801 419 1883 pertinax,
443 1801 492 1863 cui
516 1801 610 1864 etiam
634 1801 813 1884 ignorantes
838 1802 1055 1866 testimonium
1078 1803 1225 1866 reddunt!
1264 1823 1320 1866 ex-

176 1907 336 1990 pelluntur
359 1906 581 1986 mathematici,
605 1906 685 1970 siout
701 1907 804 1989 angeli
820 1926 936 1971 eorum.
974 1906 1049 1970 urbs
1066 1910 1096 1971 et
1111 1907 1203 1971 111111
1218 1908 1321 1971 inter-

126 2034 151 2074 11
178 2011 290 2074 dicitur
306 2011 547 2091 mathematicis
564 2012 645 2074 sicut
661 2012 782 2074 caelum
799 2012 918 2095 angelis
935 2030 1051 2075 eorum.
1087 2000 1196 2075 eadem
1215 2030 1321 2095 poena

178 2118 227 2179 est
239 2115 320 2178 exilii
332 2115 489 2198 discipulis
508 2119 538 2179 et
554 2116 723 2199 magistris.
748 2115 803 2179 sed
815 2115 900 2199 magi
914 2116 960 2197 [et
972 2117 1132 2199 astrologi]
1147 2116 1186 2180 ab
1199 2117 1320 2181 oriente

177 2223 342 2284 uenerunt.
388 2219 503 2283 scimus
532 2220 654 2303 magiae
683 2223 714 2283 et
742 2219 926 2303 astrologiae
953 2221 1035 2284 inter
1062 2239 1095 2284 11
1122 2221 1318 2285 societatem.

177 2325 271 2408 primi
292 2325 387 2408 igitur
410 2325 571 2389 stellarum
594 2325 778 2407 interpretes
801 2328 910 2388 natum
927 2323 1087 2388 Christum
1110 2326 1321 2389 annuntiaue-

147 2429 149 2433 ’
177 2433 262 2509 runt,
284 2429 377 2511 primi
401 2432 654 2493 munerauerunt.
691 2430 749 2492 hoc
773 2429 898 2493 nornine
922 2428 1093 2510 Christum,
1117 2430 1234 2512 opinor,
1258 2430 1320 2494 sibi

126 2557 152 2600 20
180 2534 407 2618 obligauerunt.
436 2533 510 2615 quid
525 2536 615 2596 tum?
642 2534 709 2597 ideo
733 2553 815 2598 nuno
840 2537 871 2597 et
891 2533 1119 2598 mathematicis
1142 2536 1320 2617 patrocina-

178 2639 263 2704 bitur
285 2639 410 2702 illorum
432 2656 596 2722 magorum
619 2639 750 2721 religio?
778 2640 816 2701 de
840 2637 963 2702 Christo
987 2638 1106 2701 scilicet
1129 2642 1177 2702 111
1200 2639 1321 2702 mathe-

180 2744 222 2807 sis
245 2743 351 2823 hodie,
379 2743 486 2807 stellas
515 2741 643 2823 Christi,
671 2760 732 2806 non
763 2741 887 2806 Saturni
915 2746 946 2806 et
975 2742 1085 2805 Martis
1114 2746 1145 2805 et
1168 2743 1321 2823 cuiusque

181 2867 217 2911 ex
244 2848 353 2912 eodem
381 2848 488 2911 ordine
515 2851 710 2912 mortuorum
737 2847 884 2911 obseruat
912 2850 943 2910 et
969 2846 1136 2929 praedicat.
1176 2851 1208 2910 at
1235 2847 1321 2910 enim

181 2952 311 3016 seientia
333 2953 393 3015 ista
417 2948 421 3034 1
445 2969 544 3031 usquc
575 2952 613 3014 ad
642 2951 840 3034 euangelium
867 2951 928 3014 fuit
950 2969 1108 3030 concessa,
1136 2954 1172 3014 ut
1194 2950 1321 3015 Christo
1341 2958 1399 3014 f.11

129 3079 155 3120 11
182 3056 263 3120 edito
290 3074 382 3119 nemo
405 3056 512 3119 exinde
539 3056 736 3120 natiuitatem
764 3056 893 3119 alicuius
917 3055 955 3119 de
978 3057 1062 3119 caelo
1089 3055 1321 3138 interpretetur.

181 3179 255 3225 nam
279 3164 310 3224 11
324 3163 375 3223 tus
397 3160 474 3223 illud
497 3163 528 3223 11
544 3178 681 3242 myrram
705 3163 736 3223 et
751 3177 862 3223 aurum
884 3160 952 3223 ideo
968 3159 1081 3223 infanti
1103 3162 1177 3223 tunc
1193 3159 1320 3223 domino

162 3265 363 3330 obtulerunt
386 3266 475 3346 quasi
497 3264 671 3328 clausulam
694 3264 927 3328 sacrificationis
953 3267 982 3327 et
1005 3265 1119 3346 gloriae
1140 3264 1322 3344 saecularis,

183 3388 278 3452 quam
309 3369 451 3434 Christus
487 3373 554 3433 erat
584 3369 796 3451 adempturus.
842 3369 923 3450 quod
958 3369 1054 3452 igitur
1088 3368 1188 3432 isdem
1218 3369 1323 3450 magis

76 3508 77 3512 =
184 3475 341 3552 somnium
373 3475 439 3538 sine
467 3474 558 3538 dubio
587 3493 623 3537 ex
650 3474 699 3537 dei
725 3474 887 3536 uoluntate
919 3473 1089 3556 suggessit,
1120 3476 1156 3536 ut
1182 3472 1262 3535 irent
1288 3472 1324 3536 in

132 3607 158 3647 co
185 3598 252 3661 sua,
275 3579 330 3643 sed
352 3579 422 3659 alia,
446 3596 509 3643 non
532 3597 594 3660 qua
616 3581 776 3657 uenerant,
800 3578 861 3657 uia,
885 3577 996 3663 idest,
1021 3595 1059 3639 111
1082 3577 1213 3659 pristina
1236 3580 1326 3640 secta

185 3703 241 3750 sua
264 3684 452 3764 incederent,
479 3700 551 3763 non,
579 3702 618 3746 ne
644 3683 714 3746 illos
741 3682 882 3746 Herodes
909 3685 1156 3764 persequeretur,
1185 3681 1237 3762 qui
1263 3699 1325 3744 neo

184 3792 366 3872 persecutus
391 3791 447 3869 est,
476 3789 571 3852 etiam
597 3788 743 3871 ignorans
767 3787 827 3851 alia
850 3787 902 3850 uia
925 3786 1091 3869 digressos,
1119 3786 1266 3867 quoniam
1292 3789 1325 3849 et

186 3914 247 3977 qua
269 3896 422 3958 uenerant
451 3892 626 3977 ignorabat,
651 3893 727 3957 adeo
751 3893 836 3955 uiam
859 3895 977 3955 sectam
1002 3894 1033 3954 et
1055 3890 1251 3973 disciplinam
1274 3889 1325 3954 in-

230 4065 404 4122 4idolatriae
422 4067 449 4120 A
502 4064 645 4133 5quidem
663 4067 690 4118 A
738 4067 868 4132 8putent
886 4066 942 4118 Iwa
991 4065 1022 4118 13
1040 4062 1172 4131 pertinax]
1186 4061 1324 4130 pertinens

192 4156 322 4212 Wc'ssowu
386 4154 418 4208 15
432 4168 523 4206 corum
536 4154 563 4206 A
627 4153 659 4207 16
671 4150 742 4203 exilii
757 4151 819 4206 Get:
838 4150 910 4204 exitii
929 4151 984 4204 AB
1045 4152 1072 4202 11
1084 4147 1210 4216 astrologi
1228 4149 1326 4204 seclusi

190 4243 222 4298 18
233 4241 391 4311 primumB
429 4236 791 4308 2211111116111111111111111
804 4239 859 4295 AB
905 4239 939 4293 28
957 4235 1039 4304 igitur
1052 4253 1102 4291 oro.
1118 4236 1167 4290 Gal
1215 4236 1324 4300 3111111,

155 4386 156 4390 ,
189 4328 484 4406 conspuendam
537 4328 570 4386 33
588 4327 687 4381 sectam
706 4326 773 4383 Ima:
790 4326 889 4380 rectam
907 4326 962 4380 AB
