2828 4936
208 392 272 455 220
436 392 551 458 Quinti
571 392 708 461 Septimi
728 393 895 447 Florentis
915 393 1118 447 Tertulliani

208 570 395 631 testamento
426 571 533 632 coacta
563 570 757 632 constantius
787 589 822 633 ex
852 573 941 633 metu
971 573 1002 634 31
1028 574 1100 642 uoto
1124 571 1244 634 aeterni
1268 572 1352 655 ignis

208 678 239 737 et
260 673 357 757 regni.
397 673 547 736 aduersus
575 674 655 737 hanc
678 692 780 737 nonne
804 675 1001 739 dissimulare
1024 675 1220 758 potuissem?
1261 676 1351 741 audio

208 777 302 841 etiam
326 777 461 841 edictum
478 796 546 841 esse
561 779 765 861 propositum,
790 782 821 843 et
836 780 962 860 quidem
977 779 1233 862 peremptorium.
1275 799 1351 863 pon-

209 882 283 946 tifex
307 882 426 945 scilicet
449 882 614 962 maximus
638 884 719 964 quod
744 887 791 947 331
811 884 974 967 episcopus
991 885 1217 967 episcoporum,
1243 885 1350 950 edicit:
1391 970 1394 976 ι

155 1015 168 1053 s
208 1005 264 1071 ego
288 990 320 1050 et
342 987 499 1050 moechiae
524 991 555 1050 et
577 987 791 1053 fornicationis
815 988 927 1053 delicta
949 989 1141 1072 paenitentia
1163 989 1284 1053 functis
1308 990 1351 1053 di-

208 1092 307 1155 mitto.
353 1110 370 1155 o
403 1091 538 1155 edictum
572 1092 621 1155 cui
657 1091 790 1156 adscribi
824 1111 886 1157 non
920 1094 1035 1176 poterit
1069 1115 1176 1157 eonon
1206 1097 1350 1158 necnon!

207 1199 238 1259 et
261 1195 314 1259 ubi
336 1199 525 1279 proponetur
548 1196 719 1260 liberalitas
742 1198 825 1261 ista?
863 1197 989 1278 ibidem,
1013 1198 1131 1280 opinor,
1155 1198 1189 1261 in
1212 1199 1292 1281 ipsis
1315 1200 1352 1262 li-

206 1299 348 1364 bidinum
381 1300 498 1381 ianuis,
533 1300 590 1364 sub
625 1302 699 1384 ipsis
731 1301 897 1365 libidinum
930 1301 1040 1365 tituhs.
1096 1302 1162 1366 illic
1197 1303 1352 1368 eiusmodi

206 1405 396 1488 paenitentia
418 1406 645 1488 promulganda
668 1409 729 1486 est,
757 1405 811 1469 ubi
834 1406 1048 1488 delinquentia
1070 1406 1140 1489 ipsa
1161 1407 1350 1472 ucrsabitur.

156 1537 180 1575 ιο
206 1509 270 1573 illio
292 1509 425 1592 legenda
448 1513 496 1573 est
518 1511 620 1590 uenia,
644 1528 705 1591 quo
729 1529 801 1574 cum
824 1530 879 1594 spe
904 1511 970 1574 eius
992 1510 1172 1575 intrabitur.
1212 1512 1271 1575 sed
1294 1512 1352 1576 hoc

205 1615 237 1678 in
268 1615 399 1678 ecclesia
429 1614 558 1698 legitur,
590 1618 621 1678 et
650 1616 683 1678 in
707 1616 837 1679 ecclesia
859 1616 1091 1698 pronuntiatur,
1124 1619 1155 1680 et
1177 1617 1268 1700 uirgo
1295 1621 1351 1681 est.

206 1719 297 1800 absit,
322 1717 405 1782 absit
428 1737 446 1782 a
470 1737 584 1802 sponsa
607 1719 723 1783 Christi
746 1721 808 1784 tale
831 1722 1045 1803 praeconium!
1083 1721 1146 1801 illa,
1171 1739 1253 1802 quae
1276 1740 1354 1786 nera

207 1828 263 1904 est,
287 1843 365 1905 quae
389 1824 514 1906 pudica,
545 1843 625 1906 quae
649 1828 770 1906 sancta,
802 1824 920 1889 carebit
949 1826 1045 1889 etiam
1068 1825 1191 1889 aunum
1214 1827 1351 1890 macula.

206 1946 268 1992 non
291 1927 400 2008 habet,
424 1929 537 2010 quibus
560 1929 618 1992 hoo
641 1930 847 2012 repromittat,
875 1932 906 1992 et
929 1929 956 1992 si
978 1928 1133 2010 habuerit,
1157 1947 1220 1993 non
1244 1949 1353 2014 repro-

156 2060 179 2098 15
206 2033 314 2112 mittit,
338 2032 419 2114 quod
443 2037 473 2096 et
496 2038 656 2097 terrenum
680 2034 728 2097 dei
748 2035 902 2116 templum
919 2033 1009 2097 citius
1026 2033 1175 2115 spelunca
1189 2034 1352 2098 latronum

206 2137 356 2220 appellari
386 2138 488 2220 potuit
511 2157 529 2201 a
552 2138 677 2202 domino
708 2156 802 2219 quam
834 2138 1035 2201 moechorum
1059 2141 1090 2201 31
1113 2138 1351 2204 fornicatorum.

206 2242 263 2305 erit
292 2242 387 2324 igitur
418 2246 449 2305 31
478 2243 527 2306 hie
558 2244 707 2307 aduersus
739 2243 899 2326 psychicos
926 2243 1052 2323 titulus,
1084 2244 1235 2308 aduersus
1260 2262 1352 2309 meae

206 2365 327 2429 quoque
351 2348 523 2411 sententiae
546 2352 627 2412 retro
649 2368 745 2430 penes
770 2348 839 2411 illos
864 2350 1055 2428 societatem,
1079 2365 1140 2429 quo
1164 2349 1268 2431 magis
1293 2350 1353 2414 hoo

206 2452 281 2516 mihi
296 2453 327 2516 in
344 2455 450 2516 notam
466 2453 603 2516 leuitatis
620 2453 785 2517 obiectent.
821 2471 994 2534 numquam
1010 2453 1165 2517 societatis
1180 2454 1352 2534 repudium

153 2582 178 2621 eo
206 2556 309 2620 delicti
332 2557 565 2640 praeiudicium.
604 2558 693 2639 quasi
709 2576 771 2622 non
787 2557 907 2621 facihus
925 2559 964 2621 sit
981 2575 1083 2622 errare
1105 2557 1351 2640 cumpluribus,

205 2661 327 2743 quando
350 2662 467 2726 ueritas
492 2681 563 2752 cum
586 2663 693 2745 paucis
718 2666 850 2727 ametur.
897 2666 929 2726 at
960 2663 1043 2726 enim
1073 2681 1125 2725 me
1153 2680 1215 2725 non
1245 2664 1351 2747 magis

205 2765 402 2830 dedecorabit
424 2767 509 2830 utilis
532 2767 645 2830 leuitas
669 2786 763 2848 quam
787 2767 905 2831 ornarit
927 2785 1051 2830 nocens.
1097 2784 1160 2830 non
1184 2766 1352 2832 suffundor

205 2889 306 2934 errore
330 2888 389 2952 quo
413 2873 506 2951 carui,
530 2872 602 2952 quia
624 2872 761 2935 caruisse
786 2872 930 2952 delector,
959 2873 1031 2953 quia
1054 2871 1216 2935 meliorem
1241 2891 1294 2936 me
1318 2878 1352 2938 31

204 2975 393 3059 pudiciorem
423 2993 618 3058 recognosco.
665 2995 756 3039 nemo
783 2976 948 3058 proficiens
980 2975 1144 3039 erubescit.
1190 2975 1353 3042 habetet

152 3106 178 3144 25
204 3080 236 3142 iu
254 3078 375 3143 Christo
392 3080 520 3144 scientia
536 3083 653 3145 aetates
671 3099 754 3162 suas,
777 3101 833 3164 per
855 3100 932 3162 quas
956 3081 1122 3145 deuolutus
1146 3084 1194 3145 est
1218 3085 1251 3146 et
1274 3101 1352 3164 apo-

205 3184 312 3247 stolus
350 3203 430 3247 cum
450 3185 644 3267 paruulus,
665 3186 776 3267 inquit,
799 3205 933 3266 essem,
954 3190 1143 3267 tamquam
1163 3188 1351 3268 paruulus

204 3288 398 3370 loquebar,
419 3293 607 3371 tamquam
626 3291 807 3371 paruulus
829 3290 1034 3372 sapiebam;
1056 3294 1093 3353 at
1112 3290 1176 3354 ubi
1192 3290 1250 3354 uir
1268 3311 1351 3355 sum

309 3523 353 3592 15]
373 3523 406 3576 ef.
420 3523 515 3576 Matth.
529 3527 571 3587 21,
588 3527 626 3577 13.
681 3524 726 3591 261
748 3527 759 3577 1
781 3524 950 3588 03112111.

247 3744 260 3796 1
281 3745 308 3794 31
326 3745 417 3794 coacta
431 3743 471 3810 B,-
489 3744 515 3793 31
533 3743 582 3795 del.
602 3743 659 3795 Lot
720 3746 736 3796 2
755 3758 841 3794 nonne
860 3743 895 3810 B,
918 3758 1023 3794 hunone
1044 3744 1101 3809 631,
1125 3758 1204 3806 nnnc,
1230 3760 1265 3797 ne
1284 3747 1348 3812 Iwn,

204 3844 251 3881 nec
270 3829 414 3883 Hartelius
467 3828 620 3896 potuissem,
640 3827 718 3881 audio
736 3831 793 3882 Iun
845 3830 861 3882 3
879 3828 1095 3899 peremptorium
1109 3829 1172 3883 Get:
1194 3837 1348 3901 perempto-

202 3932 259 3968 rem
277 3917 304 3970 Β
357 3915 597 3983 4313113166
650 3916 840 3971 3313131633
894 3915 1027 3970 5dehcta
1038 3914 1203 3986 paenitentia
1215 3919 1281 3972 odd.
1298 3920 1347 3974 631

203 4002 302 4056 functis
318 4003 381 4057 Gel:
399 4001 475 4055 funes
495 4004 522 4056 Β
576 4005 608 4057 10
628 4019 689 4056 curn
707 4019 752 4072 spe
771 4003 827 4056 eius
842 4004 905 4058 Gel:
923 4003 1089 4072 conspectius
1102 4004 1129 4057 Β
1185 4006 1218 4059 14
1236 4005 1348 4059 habebit

207 4092 258 4146 Urs
311 4089 481 4158 repromittet
497 4091 548 4144 Urs
603 4093 634 4144 15
653 4090 778 4157 quoniam
794 4090 843 4144 631
897 4093 928 4145 17
948 4090 999 4143 erit
1010 4090 1094 4159 igitur
1109 4091 1171 4146 631·
1189 4091 1304 4160 erigitur
1320 4095 1346 4148 Β

204 4180 236 4232 19
249 4176 381 4229 obiectent
397 4177 459 4231 631·
471 4175 597 4229 obiicieut
609 4178 635 4231 Β
671 4179 704 4231 20
717 4177 910 4246 praeiudicium
923 4181 963 4230 est
978 4178 1027 4231 631
1056 4179 1099 4232 ’21
1113 4193 1166 4230 non
1183 4179 1246 4233 631·
1259 4195 1307 4233 nos
1319 4181 1345 4234 Β

202 4266 236 4318 22
256 4262 391 4316 decorabit
408 4264 463 4333 Rip
517 4263 589 4317 utilis
607 4263 781 4319 6133333313.-
798 4263 901 4316 inutilis
920 4264 947 4317 Β
1001 4266 1034 4319 23
1053 4264 1126 4317 carui
1145 4264 1208 4331 quia
1225 4267 1277 4321 dcl.
1295 4269 1346 4322 Urs

202 4353 235 4407 27
255 4354 383 4419 tauquam
402 4351 529 4421 paruulus
548 4351 682 4422 sapiebam
706 4351 728 4406 6
744 4351 787 4419 (=
807 4353 874 4407 liber
895 4351 1059 4421 Charentes),
1077 4369 1127 4408 om.
1146 4351 1182 4422 B,
1204 4352 1256 4409 631
