2820 4914
576 369 753 423 Praefatio.
1182 367 1236 421 VH

93 548 206 631 uiginti
229 551 359 629 septem,
382 549 414 609 in
438 546 636 609 latitudinem
660 545 854 628 undeuiginti
877 545 986 618 semis3
1018 544 1158 628 singulae
1180 563 1236 627 pa-

93 653 185 735 ginae
216 651 398 715 nicenorum
428 651 572 714 binorum
599 668 747 713 uersuum
771 652 853 713 sunt.
901 632 1039 712 exarauit
1061 652 1162 713 totum
1186 665 1236 711 00-

94 757 196 820 dicem
226 755 372 819 librarius
404 774 495 834 unus,
526 755 579 834 qui
609 754 692 817 idem
724 772 780 816 sua
809 753 907 836 ipsius
940 756 1042 816 errata
1072 755 1126 816 aut
1155 753 1236 816 inter

94 860 294 924 scribendum
310 863 364 923 eut
378 862 450 942 post
465 858 587 922 finitam
608 858 865 940 perscriptionem
881 857 1026 930 correxit3
1047 856 1236 938 ubicumque

93 964 190 1047 igitur
221 964 253 1027 in
285 965 438 1047 apparatu
467 959 602 1023 Accrr.
635 962 816 1024 adnotatum
848 963 905 1040 est,
939 961 1043 1043 ipsum
1072 959 1242 1024 librarium
1261 956 1290 1020 A
1306 979 1390 1020 corr.

93 1086 203 1131 ueram
222 1068 388 1131 lectionem
411 1067 587 1149 reposuisse
611 1066 774 1129 sciendum
798 1068 854 1145 est,
878 1082 936 1127 nee
959 1065 1063 1128 minus
1084 1063 1183 1127 sicubi
1203 1065 1235 1127 in

93 1174 247 1254 apparatu
270 1172 410 1254 singulae
434 1170 657 1234 uocabulorum
682 1170 803 1233 litterae
826 1169 993 1232 inclinatae
1013 1169 1236 1250 exprimuntur,

94 1295 147 1340 eas
179 1275 218 1339 ab
250 1276 317 1357 ipso
347 1275 470 1339 librario
499 1275 531 1337 in
555 1292 664 1338 rasura
688 1293 756 1337 esse
780 1274 909 1356 positas.
956 1291 1107 1336 manuum
1131 1291 1237 1335 recen-

92 1382 210 1445 tiorum
239 1383 292 1444 aut
320 1380 451 1443 duarum
484 1383 538 1443 aut
569 1380 666 1443 trium
696 1390 850 1461 perpauca
880 1378 1023 1461 uestigia,
1054 1396 1155 1458 neque
1183 1395 1265 1442 eae.

92 1487 178 1549 ultra
208 1485 386 1549 litterarum
418 1484 621 1547 euanidarum
649 1483 909 1547 restaurationem
933 1485 987 1546 aut
1007 1482 1126 1545 leuium
1149 1501 1237 1545 men-

92 1591 205 1654 dorum
237 1591 459 1653 correctionem
491 1590 657 1671 quicquam
688 1592 817 1652 conatae
846 1591 928 1651 sunt.
976 1589 1055 1651 sicut
1079 1606 1115 1651 ex
1137 1588 1237 1651 indice

92 1693 230 1777 praefixo
254 1693 415 1777 adparet1)
440 1693 534 1756 codex
558 1693 630 1757 olim
655 1691 837 1756 continebat
859 1692 915 1756 hos
939 1690 1049 1755 libros:
1076 1690 1102 1754 1.
1121 1689 1167 1752 ad
1181 1712 1237 1752 na-

93 1797 198 1860 tiones
223 1794 304 1859 libri
328 1796 402 1874 due,
431 1795 460 1860 2.
487 1797 524 1859 de
542 1795 805 1881 praescriptione
830 1795 1073 1871 haereticarum,
1102 1793 1130 1857 3.
1155 1816 1238 1856 scor-

88 1900 198 1986 piace,
229 1901 260 1964 d.
285 1900 324 1962 de
351 1900 529 1964 testimonio
556 1901 694 1978 animae,
725 1898 755 1964 5.
781 1899 818 1962 de
841 1921 969 1976 corona,
1002 1898 1030 1961 6.
1057 1898 1094 1961 de
1118 1907 1237 1982 specta-

94 2004 192 2082 culis,
217 2005 245 2069 7.
269 2004 306 2068 de
329 2004 535 2082 idololatria,
566 2003 596 2069 8.
620 2004 657 2068 de
681 2005 802 2082 aninra,
833 2003 863 2068 0.
887 2003 925 2066 de
948 2003 1105 2080 oratione,
1132 2002 1180 2066 10.
1199 2002 1237 2065 de

94 2109 189 2174 cultu
201 2109 410 2196 feminarum
431 2108 513 2172 iibri
533 2109 607 2186 duo,
634 2111 683 2173 11.
700 2108 746 2171 aad
768 2130 903 2171 unorene
928 2107 1008 2170 libri
1032 2107 1106 2184 duo,
1132 2106 1182 2171 12.
1200 2106 1238 2169 de
1272 2105 1278 2117 ’

96 2214 334 2277 exhortatione
352 2214 528 2291 castitatis,
569 2214 618 2278 13.
654 2213 692 2275 de
726 2235 823 2275 carne
858 2210 997 2289 Christi,
1035 2212 1082 2276 14.
1114 2211 1151 2274 de
1182 2233 1238 2297 spe

87 2317 254 2401 fidetium,
280 2318 328 2382 15.
346 2318 384 2381 de
401 2318 574 2403 paradiso,
600 2318 648 2381 16.
667 2316 705 2379 de
728 2316 919 2402 uirpinidus
942 2314 1106 2393 aelandis,
1132 2315 1181 2380 17.
1200 2315 1238 2378 de

96 2446 194 2486 carne
217 2432 246 2485 et
270 2423 392 2499 anima,
423 2421 472 2487 18.
495 2422 532 2485 de
551 2422 727 2507 patientia,
754 2421 802 2485 10.
826 2421 863 2484 de
881 2421 1098 2506 paenitentia,
1126 2419 1176 2484 20,
1200 2420 1238 2482 de

96 2527 225 2590 animae
252 2526 473 2603 submissione,
505 2527 556 2590 21.
582 2526 619 2589 de
642 2526 872 2612 superstitione
895 2524 1035 2603 saecuti·
1058 2545 1141 2588 nune
1164 2544 1237 2589 uero
1342 2507 1344 2511 Ι

95 2634 266 2716 posteriore
289 2637 377 2716 parte
401 2634 536 2697 amisssa
559 2633 653 2696 codex
677 2632 791 2696 desinit
814 2632 845 2694 in
869 2632 971 2695 medio
995 2631 1060 2694 fere
1084 2629 1164 2693 libro
1186 2631 1239 2711 qui

98 2742 146 2802 est
181 2739 218 2801 de
253 2756 345 2801 earne
375 2736 492 2802 Christi
526 2735 570 2821 (in
603 2737 707 2800 uerbis
739 2734 795 2799 sed
825 2735 952 2797 animae
982 2744 1112 2796 nostrae
1135 2753 1160 2797 0.
1187 2733 1237 2814 10,

96 2862 126 2923 p.
143 2839 218 2923 445,
235 2841 276 2904 20
301 2843 346 2906 ed.
365 2841 487 2906 Oehler.
505 2840 603 2924 mai),
627 2843 671 2905 110
691 2844 727 2904 ut
743 2845 774 2904 et
793 2841 884 2904 huius
900 2840 971 2903 libri
993 2858 1065 2921 pars
1088 2839 1238 2921 posterior

98 2950 129 3010 et
145 2947 260 3028 scripta
275 2965 353 3028 quae
371 2945 581 3027 sequebantur
597 2949 665 3009 0010
682 2945 906 3024 interciderint,
931 2965 946 3007 e
969 2945 1081 3025 quibus
1103 2945 1237 3025 quinque

99 3048 154 3132 (de
176 3071 232 3134 spe
247 3048 411 3130 fidelium,
436 3049 473 3112 de
490 3048 664 3134 paradise,
690 3048 727 3111 de
751 3070 847 3111 carne
867 3057 895 3111 et
911 3048 1031 3124 anima,
1056 3046 1094 3109 de
1110 3047 1238 3108 animae

97 3152 320 3231 submissione,
345 3153 383 3215 de
405 3153 635 3238 superstitione
652 3152 791 3238 saeculi)
817 3154 909 3236 plane
932 3154 1126 3217 interierunt.
1161 3171 1239 3233 quae

97 3263 242 3342 superest
265 3260 377 3324 codicis
400 3279 472 3342 pars
497 3265 679 3324 numeratur
702 3259 793 3323 hodie
817 3259 897 3322 foliis
922 3258 1063 3321 ducentis
1083 3261 1239 3338 quattuor,

96 3364 152 3427 sed
176 3368 298 3428 exstant
320 3383 430 3428 reuera
450 3365 584 3429 ducenta
600 3365 670 3444 tria,
694 3383 765 3427 cum
782 3363 948 3427 exciderint
963 3363 1037 3426 folia
1053 3362 1112 3425 duo
1132 3358 1191 3422 130
1209 3364 1240 3424 01

98 3466 161 3531 140
192 3469 264 3552 (hoa
288 3473 336 3533 est
360 3467 397 3531 de
421 3468 532 3530 anima
560 3488 585 3532 0.
608 3468 659 3550 26,
687 3488 717 3550 p.
740 3466 814 3548 344,
837 3465 950 3530 8-0,
973 3464 1025 3546 28,
1053 3485 1082 3548 p.
1106 3464 1178 3546 347,
1198 3462 1238 3526 28

96 3573 188 3636 huius
220 3572 387 3656 editionis),
419 3576 490 3656 post
520 3575 540 3637 f.
565 3572 627 3634 170
658 3591 756 3636 unum
788 3575 887 3636 exstet
918 3571 1028 3635 folium
1056 3568 1180 3653 (170¹'¹⁸)
1206 3571 1239 3633 in

97 3678 343 3742 dinumeratione
367 3679 528 3742 omissum.
566 3675 655 3760 porro
679 3678 741 3741 iam
765 3676 880 3740 librum
904 3675 1117 3757 archetypum,
1142 3694 1157 3737 e
1179 3693 1239 3755 quo

96 3779 314 3865 Adeseriptus
338 3787 396 3863 est,
420 3782 502 3846 foliis
527 3783 643 3846 euulsis
666 3782 845 3845 mutilatum
868 3781 964 3844 fuisse
984 3783 1072 3862 patet
1088 3798 1103 3840 e
1119 3778 1239 3842 duabus

96 3887 218 3950 lacunis
242 3887 410 3951 maioribus
434 3888 466 3950 in
482 3884 511 3947 A
528 3887 712 3969 conspicuis,
738 3904 871 3968 quarum
894 3885 994 3948 altera
1016 3882 1088 3947 libri
1112 3881 1149 3945 de
1172 3881 1240 3944 idc-

142 4150 161 4218 ¹)
177 4149 368 4218 inscriptiones
379 4149 511 4203 librorum
524 4147 646 4201 dedimus
659 4152 798 4210 correctas,
816 4163 868 4199 non
882 4144 972 4213 qualos
986 4147 1090 4198 exstant
1102 4145 1130 4195 in
1143 4143 1238 4206 indico,

99 4237 130 4289 de
153 4252 205 4303 qno
228 4235 262 4290 ef.
275 4235 472 4289 Klussrnannus
495 4236 511 4288 1.
532 4251 552 4288 0.
571 4253 596 4304 p.
618 4237 650 4289 12
669 4250 733 4302 sqq,
756 4233 904 4287 secundum
927 4249 1005 4300 qnam
1027 4235 1053 4285 01
1072 4231 1192 4283 ordinem
1211 4230 1239 4282 in

98 4323 184 4376 indice
203 4322 341 4376 turbatum
360 4323 532 4376 restituimus.
