2820 4914
411 374 461 428 III.
481 373 528 427 Ad
546 374 699 427 nationes
716 373 799 427 lib.I
818 377 857 428 10.
1163 372 1203 434 77

10 551 38 583 '·=
98 549 162 613 rotae
182 553 213 614 et
226 549 373 634 poenae):
398 550 446 613 dei
461 568 545 630 uero,
570 549 623 631 qui
639 551 739 633 magis
756 548 930 634 tributarii„
951 544 957 632 1
977 547 1078 630 magis
1095 547 1204 628 saneti,

10 621 38 681 ¹⁴²
66 647 165 717 l'inno
192 655 247 736 qui
269 655 370 738 magis
402 656 510 734 sancti,
542 655 643 738 magis
673 654 839 718 tributarii.
885 653 1043 737 maiestasl
1063 647 1072 738 ll
1093 652 1206 734 prosti-

94 752 166 822 tuitur
186 759 219 822 in
242 762 417 841 quaestum,
445 759 614 842 negotiatio
637 759 785 842 religione
807 757 1018 841 proscribitur,
1047 752 1204 842 sancititas

10 847 33 945 ¹:
91 852 251 927 locationem
274 864 439 928 mendicat.
479 863 602 946 exigitis
626 863 801 927 mercedem
823 881 879 946 pro
902 862 967 926 solo
989 861 1110 944 templi,
1133 857 1203 946 prol

10 950 27 1058 {³
89 961 154 1030 auu
176 968 265 1048 sacri,
288 986 344 1051 pro
368 968 511 1050 stipibus
534 986 590 1051 pro
612 967 732 1031 hostiis
778 967 912 1030 uenditis
935 968 1034 1030 totam
1058 965 1204 1029 diuinita-
1243 989 1256 1029 e

10 1087 23 1098 '⁴
86 1064 142 1135 tem
161 1069 166 1156 Ι
185 1070 344 1136 nonlicet
367 1090 436 1136 eam
458 1072 556 1156 gratis
580 1072 647 1135 coli.
686 1072 756 1154 plus
780 1071 913 1152 denique
936 1070 1110 1153 publicanis
1133 1068 1205 1133 refi-

12 1176 15 1187 '
84 1171 146 1239 citur
167 1195 262 1258 quam
286 1174 518 1262 saloerdotibus.
576 1195 638 1240 non
662 1175 829 1239 suffecerat
850 1175 1053 1258 uectigalium
1076 1174 1204 1237 deorum

10 1260 14 1271 ¹
80 1281 265 1361 contumelia,
300 1280 337 1344 de
368 1277 558 1366 eonltemptu
594 1281 712 1344 scilicet
742 1278 945 1359 aestimanda,
980 1298 1037 1342 nec
1068 1277 1205 1342 contenti

10 1460 15 1473 ὗ
75 1385 140 1448 estis
171 1385 237 1449 deis
267 1385 417 1450 honorem
447 1403 510 1448 non
541 1381 707 1469 halbnisse
743 1385 803 1449 nisi
835 1384 940 1463 etiam,
976 1401 1204 1464 quemeumque

68 1487 199 1569 habetis,
228 1490 407 1572 depretietis
431 1490 535 1571 aliqua
557 1486 761 1573 indignitalte.
807 1488 880 1570 quid
908 1486 992 1551 enim
1015 1488 1140 1552 omnino
1164 1487 1203 1551 ad
1232 1515 1256 1553 10

64 1593 260 1658 honorandos
291 1613 343 1659 eos
373 1595 484 1674 facitis,
515 1594 595 1675 quod
626 1612 688 1658 non
721 1594 815 1657 etiam
839 1591 843 1677 Ι
864 1593 996 1657 mortuis
1024 1593 1136 1657 nestris
1168 1611 1204 1655 ex

61 1715 164 1779 aequo
187 1698 385 1781 praebeatis?
414 1700 568 1763 exstruitis
595 1699 659 1762 deis
684 1698 813 1781 templa,
841 1716 938 1779 aeque
966 1698 1096 1761 mortuis
1125 1700 1204 1761 tem·

59 1803 131 1885 pla;
163 1800 311 1888 extruiltis
343 1821 412 1867 aras
440 1804 515 1883 deis,
546 1822 642 1885 aeque
671 1804 801 1868 mortuis
833 1821 918 1877 aras3
950 1804 1076 1866 easdem
1103 1787 1204 1866 titulis

58 1906 293 1990 superscribitis
316 1905 455 1993 littteras⁷
480 1909 606 1971 easdem
630 1908 742 1971 statuis
765 1908 913 1971 inducitis
937 1908 1064 1987 formae,
1088 1910 1123 1971 ut
1139 1907 1204 1970 cui-

58 2030 125 2093 que
150 2029 198 2075 ars
222 2015 276 2074 aut
298 2013 459 2095 negotium
479 2010 484 2095 l
504 2015 559 2075 aut
581 2015 668 2076 aetas
692 2012 765 2075 fuit:
801 2031 895 2075 senex
918 2012 955 2074 de
979 2010 1121 2091 Saturno,
1144 2011 1204 2074 im·
1232 2035 1256 2076 15

57 2114 170 2178 berbis
186 2115 224 2179 de
235 2115 393 2199 Apolline,
416 2117 506 2200 uirgo
523 2117 560 2180 de
576 2113 686 2201 Dialna
708 2115 861 2198 figuratur
885 2120 915 2180 et
938 2117 1029 2180 miles
1052 2117 1084 2180 in
1100 2116 1203 2180 Marte

60 2222 97 2282 et
112 2219 146 2282 in
161 2220 300 2285 Vulcano
316 2220 404 2285 faber
426 2222 500 2286 ferri
523 2224 731 2285 consecratur.
754 2221 873 2305 lqnjihil
897 2222 1001 2302 itaque
1023 2221 1149 2300 mirum,
1178 2221 1204 2284 si

59 2324 183 2387 hostias
206 2325 333 2388 easdem
357 2327 488 2390 mortuis
512 2344 590 2408 quas
614 2329 645 2389 et
665 2326 729 2389 deis
746 2326 874 2389 caeditis
891 2322 1103 2410 eosdemque-l
1121 2325 1205 2410 lqdo-

61 2447 114 2491 res
139 2430 330 2493 exorematis.
399 2431 467 2512 quis
491 2431 586 2494 istam
609 2431 832 2493 contumeliam
860 2433 994 2509 excuset,
1026 2448 1105 2510 quae
1134 2433 1205 2493 utut

64 2528 222 2617 morlltuos
246 2551 318 2597 oum
341 2534 406 2597 deis
430 2534 581 2617 deputet?
612 2533 737 2618 regibus
765 2534 891 2616 quidem
914 2535 1007 2597 etiam
1031 2533 1204 2597 sacerdotia
1230 2558 1256 2598 ao

63 2636 221 2719 adscripta
254 2641 328 2702 eunt
358 2637 363 2721 1
388 2640 539 2723 lsacrique
571 2642 737 2722 apparatus
771 2642 803 2702 et
833 2641 943 2702 tensae
974 2641 1005 2702 et
1034 2656 1143 2701 currus
1174 2640 1205 2700 et

63 2740 241 2805 solisternia
263 2745 295 2805 et
315 2739 529 2827 lectisterqnia,
559 2742 702 2828 laetitiae
727 2746 758 2806 et
780 2743 854 2806 ludi.
921 2743 1024 2825 plane,
1056 2741 1204 2824 quoniam
1238 2754 1279 2781 s

61 2845 128 2908 illis
152 2846 272 2910 eaelum
294 2850 390 2930 patet,
413 2848 471 2911 hoc
494 2865 616 2929 quoque
640 2865 701 2911 non
726 2850 791 2911 sine
812 2846 815 2927 l
834 2848 1033 2932 lcontumelia
1060 2847 1202 2911 deorum:

61 2950 165 3031 primo
187 2950 323 3032 quidem,
347 2951 430 3033 quod
453 2944 514 3015 non
534 2952 673 3015 decuerit
689 2952 766 3016 alios
783 2952 827 3015 eis
848 2949 853 3036 1
871 2951 1090 3036 ,adnumepari
1114 2951 1203 3033 quasi

61 3055 114 3118 his
137 3054 246 3119 datum
269 3055 310 3119 sit
331 3058 403 3137 post
425 3059 559 3120 mortem
583 3057 655 3120 deos
679 3056 760 3131 fieri;
793 3057 984 3154 secundumn
1006 3057 1087 3138 quod
1117 3053 1200 3142 tamt
1230 3083 1256 3122 2⁵

60 3207 69 3244 q
72 3209 211 3223 .......
213 3179 239 3244 Je
263 3162 355 3242 atque
376 3161 540 3225 manifeste
561 3175 666 3225 coram
686 3161 800 3244 populo
817 3178 879 3224 non
895 3161 1049 3244 peieraret
1064 3166 1204 3225 contem·

109 3368 122 3421 1
147 3368 174 3419 et
191 3381 289 3434 poenae
307 3367 463 3422 Hoctcla'as:
480 3382 562 3435 poene
581 3367 608 3420 A
671 3366 805 3420 tributarii
826 3366 911 3422 Goth:
932 3366 985 3420 trib
1000 3410 1005 3420 .
1019 3409 1024 3420 .
1039 3409 1044 3421 .
1059 3409 1065 3420 .
1079 3409 1104 3420 ..
1124 3367 1204 3436 Bac,

61 3451 152 3508 Heca*
214 3452 421 3507 tconstituitur
434 3454 507 3509 coca
572 3453 761 3521 3religionem
780 3452 922 3522 proscribit
938 3457 1001 3522 fort.
1056 3454 1203 3524 5stipibus

63 3539 339 3608 Goth:stipitibusA
385 3539 478 3594 hostiis
494 3540 756 3596 Octleoaa:ostiisA
803 3540 1204 3611 trcficiturRe'p:refigiturA

61 3630 80 3682 9
93 3641 286 3694 quemcumque
301 3627 385 3683 Gora.-
397 3643 560 3695 quecumque
572 3629 608 3696 A,
621 3643 791 3695 quoscunque
804 3629 1024 3697 Hoacrcampe'ae
1079 3630 1110 3683 12
1123 3643 1204 3696 aeque

62 3713 177 3767 mortuis
194 3712 296 3782 templa
306 3714 370 3769 odd.
384 3715 439 3784 Rip
493 3716 524 3769 13
538 3714 642 3767 easdem
655 3715 813 3769 Hartelc'ae:
831 3714 930 3768 eisdem
943 3716 970 3769 A
1025 3718 1057 3771 18
1070 3714 1163 3769 ceditis
1176 3717 1204 3770 A

63 3803 97 3856 19
114 3803 177 3855 utut
188 3801 423 3871 Haocreampioe:
441 3803 471 3854 ut
489 3803 580 3855 autA
642 3802 674 3856 21
695 3801 814 3869 sacrique
834 3802 906 3857 Goth
964 3805 991 3855 et
1008 3804 1099 3855 tensae
1119 3802 1205 3858 Goth:

63 3890 95 3941 ut
117 3891 207 3942 tensae
224 3890 253 3943 A
322 3890 356 3943 22
379 3888 542 3942 solissternia
564 3891 591 3943 A
661 3887 824 3942 lectisternia
849 3889 933 3944 Goth:
954 3888 1084 3943 lectisster
1102 3932 1107 3943 .
1126 3932 1131 3943 .
1152 3932 1157 3943 .
1176 3891 1204 3944 A

62 3973 180 4029 laetitiae
208 3975 293 4031 Goca:
324 4017 430 4029 ......
443 3975 466 4028 ie
490 3976 517 4029 A
544 3975 584 4042 (ie
610 3993 745 4044 suprascr.
774 3993 845 4030 moa.
869 3978 961 4045 poet),
991 3975 1112 4031 lautitiae
1138 3980 1202 4045 foca.

63 4064 98 4118 23
115 4062 277 4117 contumelia
296 4063 367 4120 Geta
420 4065 454 4118 24
473 4062 591 4117 docuerit
608 4064 635 4117 A
653 4081 721 4119 corr.
782 4063 951 4119 adnumerari
971 4065 1057 4120 Goth:
1076 4106 1202 4119 .......

62 4149 120 4204 rari
135 4149 164 4204 A
234 4149 309 4217 quasi
326 4149 368 4203 his
385 4151 498 4205 addidi:
515 4149 611 4218 quibus
629 4151 692 4205 aoid.
715 4153 793 4220 Goth,
813 4151 835 4204 si
854 4152 916 4206 odel.
940 4152 1073 4219 careae,
1092 4153 1120 4204 ni
1137 4153 1202 4206 adol.

63 4239 208 4294 Heracliae
278 4239 311 4293 26
330 4279 457 4292 .......
471 4255 484 4291 e
502 4239 538 4306 A,
560 4237 643 4291 libere
665 4245 714 4293 aut
735 4241 858 4307 proterue
883 4240 955 4295 Goth
1008 4239 1203 4308 contemplator

65 4325 151 4383 Geta:
169 4324 361 4394 contemplaret
379 4325 406 4380 A
