2820 4914
156 174 218 237 176
384 174 499 240 Quinti
518 175 656 244 Septimi
674 174 841 228 Florentis
859 174 1063 228 Tertulliani

59 352 62 356 '
153 352 298 434 rentes.
337 350 400 413 sed
421 350 506 430 etsi,
530 351 639 431 iuquit,
663 352 825 415 exterior
844 351 951 415 homo
972 353 1101 415 noster
1122 350 1332 431 uitiatur,-

152 472 232 539 ,caro
256 454 383 539 scilicet
404 455 436 517 ui
458 456 719 537 persecutionum,
743 456 806 519 sed
828 456 985 520 interior
1007 459 1210 520 renouatur
1229 455 1332 518 diez

154 562 189 621 et
211 559 291 644 di,e,
316 560 429 643 anima
448 560 566 623 scilicet
586 578 640 642 spe
660 560 913 641 promissionum.
952 578 1027 623 nam
1047 559 1130 642 quod
1150 560 1188 623 ad
1202 577 1332 641 prae—

153 681 225 726 sens
251 663 475 748 ,temporale
504 666 538 726 et
564 664 646 727 leue
674 682 871 746 pressurae
899 667 1049 728 nostrae
1077 682 1142 746 per
1168 681 1332 746 super—

113 793 126 832 6
153 786 322 850 gressum
354 768 390 830 in
423 786 725 852 supergressum,
755 772 947 832 aeteruum
978 768 1122 850 pondus
1151 768 1320 851 gloriae

152 872 318 954 perficit,
353 871 460 935 nobis
491 890 563 935 non
592 873 837 957 intuentibus
869 890 969 957 qu,ae
1003 872 1194 952 uidentur,
1227 871 1307 935 sed

152 995 244 1057 quae
275 995 345 1040 non
378 976 561 1040 uidentur.
609 995 688 1058 quae
720 977 803 1040 enim
834 977 986 1062 uidentur
1016 977 1218 1061 temporalia,
1249 976 1299 1037 de

152 1081 357 1144 incommodis
374 1081 490 1161 dicens,
507 1099 586 1162 quae
602 1100 675 1145 uero
691 1099 753 1145 non
769 1082 914 1146 uidentur
930 1084 1065 1161 aeterna,
1089 1081 1128 1145 de
1144 1080 1286 1163 praemiis

152 1185 317 1266 spondens.
364 1185 696 1249 Thessalonicensibus
723 1205 805 1270 ,uero
834 1186 871 1250 de
898 1185 1040 1272 uipoulis
1065 1185 1204 1248 scribens
1230 1185 1285 1246 uti-

100 1313 125 1352 10
152 1308 211 1370 que
234 1289 342 1354 beatos
366 1289 536 1353 affirmauit
558 1289 671 1371 quibus
694 1291 854 1375 ,donatum
878 1293 968 1376 esset
992 1309 1054 1355 nou
1077 1293 1203 1353 tantum
1225 1307 1280 1352 cre·

153 1393 223 1457 dere
246 1395 279 1457 in
302 1393 474 1475 Christum,
498 1395 553 1458 sed
577 1396 671 1458 etiam
694 1413 749 1478 pro
772 1396 838 1478 ipso
861 1395 936 1477 pati.
966 1394 1147 1480 ,cundem,
1170 1393 1281 1480 iuquit,

153 1516 306 1581 agonem
343 1499 525 1562 habentes
564 1518 668 1580 quem
707 1500 742 1562 iu
781 1518 835 1563 me
870 1503 906 1562 et
939 1498 1089 1562 uidistis
1125 1502 1162 1562 et
1195 1515 1283 1561 nunc

150 1604 316 1690 auditis,
365 1622 447 1668 nam
482 1604 553 1668 etsi
587 1604 684 1668 libor
718 1624 828 1687 super
866 1604 1112 1684 sacrificium,
1151 1603 1285 1686 gaudeo

152 1712 188 1771 et
210 1709 422 1791 congaudeo
444 1709 623 1794 ,omuibus
647 1709 778 1794 uob,is,
805 1709 959 1792 perinde
983 1712 1019 1772 et
1040 1726 1106 1771 uos
1129 1707 1287 1791 gaudete

100 1839 124 1876 15
151 1816 187 1876 et
217 1813 442 1896 congaudete
472 1814 569 1878 mihi.
592 1815 596 1895 ]
616 1815 718 1894 uides,
749 1832 842 1895 quam
872 1813 1014 1896 martyrii
1043 1811 1171 1876 definiat
1194 1811 1332 1876 felici-it

152 1919 259 1997 tatem,
287 1918 337 1981 oui
361 1918 397 1981 de
425 1919 538 2001 gaudio
567 1922 675 1982 mutuo
705 1919 839 1999 adquirit
862 1917 1118 1982 sollemnitatem.
1164 1919 1201 1979 ut
1223 1935 1291 1999 pro-

150 2021 251 2084 ximus
287 2022 418 2103 denique
454 2023 516 2086 uoti
554 2023 601 2086 sui
636 2023 736 2087 factus
776 2026 837 2102 est,
879 2023 1012 2104 qualiter
1049 2021 1086 2084 de
1124 2025 1293 2104 prospectu

151 2126 215 2188 eius
248 2127 389 2190 exultans
420 2126 528 2190 scribit
551 2127 730 2191 Timotheo:
770 2145 834 2211 ego
870 2127 968 2191 euim
1001 2126 1100 2190 libor
1134 2126 1225 2207 iam,
1260 2129 1294 2189 et

149 2233 300 2313 tempus
325 2231 570 2296 diiunctionis
593 2233 726 2306 instat;
751 2250 904 2316 agonem
925 2231 1060 2295 bonum
1083 2231 1294 2311 decertari,

98 2361 124 2399 no
150 2354 300 2399 cursum
336 2339 608 2415 consummaui,
645 2336 758 2400 fidem
794 2336 996 2411 custodiui3
1032 2339 1209 2418 superest
1241 2355 1295 2400 oo-

148 2459 252 2520 rona,
280 2458 388 2521 quam
415 2441 507 2504 mihi
534 2441 704 2505 dominus
731 2442 798 2505 illa
822 2441 879 2505 die
902 2440 1046 2520 reddet,
1076 2440 1199 2503 scilicet
1223 2458 1295 2523 pas-

149 2544 254 2609 sionis.
308 2546 383 2609 satis
418 2549 449 2609 et
478 2547 552 2631 ipqe
581 2565 684 2631 supra,
710 2547 878 2610 allocutus:
914 2545 1043 2639 fidelis
1074 2562 1210 2609 sermo.
1265 2546 1295 2607 si

150 2651 246 2713 euim
278 2651 499 2714 commortui
531 2670 656 2714 sumus
686 2650 849 2732 Christo,
887 2653 922 2714 et
949 2650 1230 2736 ι6666166666,
1264 2651 1296 2712 61

149 2755 386 2835 sufferimus
426 2759 462 2818 et
500 2756 828 2839 conregnabimus,
868 2755 899 2819 si
936 2755 1219 2838 negauerimus,
1259 2757 1296 2817 et

110 2885 121 2923 s
148 2860 230 2944 ,il,le
254 2878 319 2923 nos
342 2860 508 2943 negabit:
534 2862 564 2924 si
588 2879 659 2924 non
680 2861 879 2940 oredimuS,
902 2860 967 2922 ille
986 2858 1114 2922 fidelis
1137 2862 1211 2939 est,
1237 2877 1296 2921 ne-

149 2982 237 3047 gare
260 2983 298 3027 se
322 2983 393 3028 nou
415 2968 566 3049 ,potest
613 2985 656 3028 ne
684 2984 769 3048 ergo
798 2964 1041 3028 confundaris
1069 2964 1296 3045 martyrium

149 3068 288 3132 domiui
303 3069 438 3150 nostri,
463 3088 579 3150 neque
600 3088 655 3132 me
671 3070 843 3133 uinctum
858 3069 969 3155 ,eiusp
993 3069 1065 3150 quia
1080 3066 1295 3150 praedixerat:

149 3191 219 3236 non
243 3173 341 3237 enim
364 3174 468 3237 dedit
491 3174 599 3238 nobis
623 3175 712 3238 deus
737 3175 912 3256 spiritum
936 3173 1097 3253 timoris,
1121 3172 1197 3257 ,sed
1221 3172 1296 3235 uir-

253 3355 279 3424 l]
299 3357 315 3410 2
334 3354 392 3410 (lor.
405 3359 430 3420 4,
445 3357 477 3411 16
490 3371 545 3422 sqq.
614 3355 657 3424 11]
676 3354 784 3419 Phil2,
799 3359 831 3410 17
846 3370 901 3423 sqq.
971 3354 1014 3423 18]
1032 3356 1049 3409 2
1068 3353 1137 3406 Tim.
1154 3355 1181 3418 2,
1201 3357 1218 3409 6
1236 3370 1293 3422 sqq.

148 3442 193 3511 22]
212 3441 276 3495 ibid.
290 3445 314 3507 2,
329 3444 368 3497 11.
422 3442 467 3510 26]
487 3442 551 3495 ibid.
567 3444 589 3506 1,
603 3446 627 3499 8.
682 3442 726 3510 28]
746 3442 810 3496 ibid.
826 3444 887 3507 1,7.

191 3611 207 3663 5
230 3608 258 3660 in
281 3624 481 3676 supergressum
503 3609 538 3677 A,
562 3608 670 3676 insuper
691 3625 739 3677 per
762 3610 789 3663 Β
859 3611 875 3664 8
898 3606 1023 3676 praemiis
1046 3607 1083 3676 B,
1103 3605 1246 3674 promissis
1265 3608 1293 3661 A

147 3697 163 3749 9
176 3695 460 3749 thesasalonioonsibus
473 3696 500 3749 A
514 3713 589 3764 corr,
602 3695 813 3764 philippensibus
827 3696 898 3751 Pam
946 3697 977 3750 11
992 3693 1129 3749 Christum
1142 3694 1179 3762 Β,
1193 3693 1252 3749 ihm
1265 3695 1293 3748 A

147 3783 203 3850 pati
221 3798 268 3850 pro
286 3782 343 3851 ipso
362 3784 389 3837 Β
443 3785 475 3837 12
489 3784 570 3851 prius
589 3784 615 3836 et
634 3801 684 3838 om.
698 3785 725 3838 Β
780 3784 812 3837 13
831 3781 942 3835 audistis
960 3782 1016 3850 Rip
1087 3779 1292 3836 1616661611

147 3869 347 3937 sollempnitati
363 3871 390 3923 A
468 3869 594 3937 proximis
613 3871 640 3924 Β
721 3872 752 3925 18
771 3869 872 3922 exultat
890 3867 1007 3921 scribens
1024 3869 1059 3937 B,
1077 3866 1180 3921 exultat
1200 3867 1291 3921 dicens

149 3956 198 4011 cer
250 3957 304 4009 iam
321 3955 391 4009 libor
408 3958 435 4011 Β
490 3959 522 4011 19
542 3956 711 4010 diiunctionis
723 3959 759 4025 A,
779 3957 963 4010 disiunctionis
981 3957 1060 4026 Bmp,
1080 3954 1246 4008 deuersionis
1264 3957 1291 4010 Β

147 4042 247 4097 insistit
273 4046 300 4099 Β
372 4047 404 4098 25
433 4043 541 4112 negabit
569 4060 616 4097 nos
641 4045 668 4097 A
739 4046 772 4098 26
801 4044 961 4112 martyrium
986 4043 1049 4098 Get:
1075 4043 1207 4109 martyrio
1233 4044 1290 4097 AB

147 4133 180 4184 27
200 4131 285 4184 nostri
303 4149 354 4187 om.
367 4132 394 4185 A
448 4147 490 4184 me
509 4149 559 4187 ooo.
579 4134 605 4185 A
659 4134 693 4188 28
713 4131 866 4185 timiditatis
884 4133 911 4186 Β
