2820 4914
218 402 259 464 28
446 400 561 465 Quinti
580 401 718 469 Septimi
736 400 903 454 Florentis
921 401 1120 455 Tertulliani

219 595 272 639 sus
296 575 411 639 6666611
431 576 560 656 1616666,
584 580 725 659 tempora
742 576 889 657 labentia,
913 577 1014 660 spatia
1035 580 1160 660 peracta
1179 577 1357 658 dinumera,

219 682 319 743 metas
339 668 615 745 consummationis
632 685 785 764 exspecta,
809 682 973 745 societates
990 682 1191 745 ecclesiarum
1211 682 1357 763 defende,

219 785 258 848 ad
281 784 406 868 signum
429 785 478 848 dci
501 786 660 866 suscitare,
682 784 686 870 Ι
705 786 754 870 ,ad
770 785 888 870 tubam
904 786 1008 869 angeli
1030 786 1157 869 erigere,
1181 785 1220 850 ad
1236 790 1357 870 marty·
1368 792 1406 849 111

217 908 288 952 rum
315 889 437 971 palmas
464 889 604 973 gloriare.
655 891 681 954 si
709 891 868 954 scaenicae
896 890 1053 954 doctrinae
1081 890 1246 971 delectant,
1277 891 1355 956 satis

179 1011 192 1050 ⁵
219 993 307 1057 nobis
333 994 509 1057 litterarum
533 997 593 1073 est,
626 995 701 1058 satis
731 1013 880 1058 uersuum
911 997 972 1074 661,
1009 994 1084 1058 66116
1115 994 1355 1075 sententiarum,

219 1099 293 1162 satis
310 1098 405 1162 etiam
425 1098 627 1178 canticorum,
652 1098 727 1162 satis
744 1117 865 1178 uocum,
889 1117 945 1162 nec
960 1098 1095 1178 fabulae,
1119 1099 1173 1162 sed
1192 1100 1355 1179 ueritates,

218 1222 275 1268 nec
299 1203 452 1284 strophae,
481 1202 534 1266 sed
558 1203 785 1285 simplicitates.
831 1204 879 1267 uis
903 1207 935 1267 61
956 1203 1113 1286 pugilatus
1137 1206 1168 1267 et
1193 1204 1356 1269 luctatus?

218 1310 340 1390 praesto
368 1309 451 1386 sunt,
479 1325 540 1371 non
566 1325 674 1393 parua,
701 1311 732 1371 ct
759 1309 867 1371 multa.
913 1308 1018 1389 aspice
1045 1307 1275 1390 impudicitiam
1303 1308 1357 1371 dc-

217 1412 331 1476 iactam
347 1429 365 1474 a
381 1411 535 1491 cast‘tate,
557 1411 723 1495 perfidiam
746 1429 874 1497 caesam
890 1430 908 1475 a
923 1411 993 1491 fide,
1018 1411 1184 1475 saeuitiam
1200 1430 1218 1475 a
1234 1412 1357 1476 miscri-

167 1533 192 1570 10
219 1517 323 1581 cordia
342 1520 515 1596 contusam,
537 1517 745 1599 petulantiam
765 1535 790 1600 ,a
806 1516 962 1601 modestia
977 1515 1206 1596 adumbratam,
1227 1519 1260 1581 et
1276 1518 1356 1581 tales

219 1624 293 1684 sunt
315 1620 397 1703 apud
419 1638 476 1684 nos
499 1638 624 1703 agones,
652 1621 684 1684 16
708 1621 819 1702 quibus
842 1621 902 1702 ipsi
925 1637 1125 1705 coronamur.
1171 1620 1219 1684 uis
1248 1624 1354 1684 autem

219 1728 250 1789 ct
273 1725 433 1808 sanguinis
456 1725 595 1806 aliquid?
639 1725 736 1789 habes
761 1725 885 1790 Christi.

262 1827 313 1893 30.
338 1828 435 1909 Quale
458 1833 563 1893 autem
591 1830 804 1912 spectaculum
831 1830 864 1893 in
887 1829 1026 1912 proximo
1054 1832 1102 1892 est
1125 1829 1278 1892 aduentus
1302 1828 1356 1892 do-

219 1935 296 1998 mini
318 1935 381 1997 iam
403 1933 580 2013 indubitati,
603 1934 667 1997 iam
690 1934 826 2016 superbi,
850 1934 914 1997 iarn
930 1932 1167 2015 triumphantis!
1206 1950 1286 2013 quac
1301 1933 1357 1996 illa

168 2052 192 2091 1⁵
220 2038 367 2103 exultatio
380 2038 572 2122 angolorum,
585 2055 663 2119 quac
678 2037 777 2121 gloria
790 2037 1035 2122 ,resurgentium
1051 2038 1241 2100 sanctorum!
1263 2037 1355 2117 quale

218 2162 350 2227 regnum
373 2142 482 2206 exinde
504 2143 669 2206 iustorum!
705 2142 804 2223 qualis
828 2142 945 2226 ciuitas
968 2159 1059 2226 noua,
1072 2140 1284 2204 Hierusalem!
1325 2144 1358 2204 at

220 2248 303 2311 enim
319 2249 485 2329 supersunt
505 2247 567 2310 alia
582 2247 768 2329 spectacula,
792 2246 844 2310 ille
861 2245 993 2329 ultimus
1015 2248 1051 2331 ct,
1069 2248 1235 2328 perpetuus
1251 2244 1357 2308 iudicii

220 2352 294 2431 dics,
316 2351 369 2414 ille
393 2350 569 2414 nationibus
593 2351 780 2433 insperatus,
802 2350 855 2414 ille
879 2349 1007 2430 derisus,
1030 2352 1216 2434 ι6616116616
1239 2348 1358 2412 sacculi

219 2459 361 2520 uetustas
394 2459 424 2519 61
456 2458 503 2518 161
534 2455 598 2518 6166
631 2455 810 2518 66116116166
842 2473 904 2518 666
935 2455 1000 2538 igni
1026 2453 1225 2538 hauriantur,
1276 2471 1357 2534 quae

168 2573 194 2612 ²0
221 2566 296 2626 tnnc
324 2560 491 2642 spectaculi
513 2560 663 2623 latitudo!
709 2559 781 2641 quid
804 2559 962 2622 admirer?
1009 2559 1081 2640 quid
1104 2558 1245 2622 rideam?
1282 2557 1358 2643 ,ubi,

220 2666 384 2751 gaudeam,
400 2663 454 2728 ubi
471 2665 615 2744 exultem,
631 2667 677 2728 tot
693 2667 837 2746 spectans
852 2682 952 2746 reges,
969 2664 1021 2745 qni
1036 2663 1069 2726 16
1084 2664 1205 2727 caelum
1220 2663 1349 2746 ,recepti
1350 2711 1358 2747 ,

221 2769 455 2849 nuntiabantur,
478 2787 550 2832 cum
565 2769 639 2832 1666
659 2769 726 2851 ipso
751 2772 782 2832 61
796 2768 871 2849 ipsis
895 2768 958 2831 suis
974 2766 1106 2831 testibus
1129 2767 1161 2831 16
1180 2766 1252 2830 imis
1268 2768 1358 2831 tene·

220 2876 286 2940 bris
315 2875 619 2960 ,congemescentes?
664 2873 741 2937 itcm
774 2872 931 2955 praesides
965 2874 1178 2955 persecutores
1210 2871 1358 2935 dominici

221 2980 354 3044 nominis
386 2976 578 3043 saeuioribus
605 2996 701 3059 quam
727 2976 787 3059 ipsi
809 2975 943 3040 flammis
968 2976 1145 3040 sacuicrunt
1166 2975 1358 3040 insultantes

265 3138 277 3191 1
298 3138 424 3192 1666666666
442 3141 507 3204 post
524 3133 641 3187 labentia
658 3134 780 3203 signauit
798 3134 831 3187 E.
845 3134 1051 3188 Klussmcomus
1125 3135 1231 3201 peracta
1258 3132 1359 3187 addidi
1380 3167 1384 3180 ι

220 3225 339 3280 2666166
358 3224 393 3290 Β,
412 3222 538 3275 ethasA
585 3220 795 3273 consumationcs
808 3222 835 3274 A
883 3221 1011 3289 spectaA
1060 3218 1163 3272 defend.
1177 3220 1204 3273 A
1251 3220 1358 3273 36666-

221 3311 284 3380 tyrii
301 3312 329 3365 Β
400 3311 475 3364 5661
492 3309 526 3376 Β,
546 3309 572 3360 61
590 3309 617 3361 A
686 3322 812 3360 uersuum
830 3308 871 3359 cst
889 3306 952 3360 satis
971 3324 1021 3362 666.
1035 3308 1062 3360 A
1133 3304 1358 3374 lpugilatusquc

221 3399 282 3466 (que
301 3398 349 3452 dcl.
369 3415 402 3451 m.
421 3413 470 3451 666.
489 3411 555 3450 saec.
574 3395 731 3449 6161616166
748 3394 853 3460 XVH)
871 3396 976 3462 praesto
995 3396 1022 3448 A
1091 3396 1107 3449 8
1125 3409 1208 3462 parua
1225 3395 1252 3446 ct
1270 3393 1359 3447 multa

226 3485 361 3540 0611166666.-
381 3499 468 3551 par..
487 3485 551 3534 sunt
569 3480 654 3534 multa
665 3483 701 3548 A,
718 3497 801 3549 parua
819 3479 864 3533 sed
883 3479 968 3533 multa
986 3482 1022 3548 B,
1039 3495 1124 3550 pauca
1138 3479 1183 3532 scd
1195 3479 1281 3533 multa
1297 3481 1358 3545 Urs,
1391 3499 1395 3506 “

221 3587 305 3640 pauca
327 3569 406 3623 simul
428 3569 491 3638 Rip,
514 3584 609 3637 parum
632 3570 694 3621 sunt
717 3566 802 3621 multa
820 3568 854 3621 E.
874 3568 1078 3622 marcomanos
1139 3565 1313 3634 impudiciam
1332 3569 1359 3621 A

222 3661 343 3714 9666666
362 3659 389 3711 A
441 3661 534 3725 apost
552 3653 690 3708 saeuitiam
709 3672 759 3710 om.
773 3656 800 3708 A
863 3657 895 3709 10
914 3652 1100 3707 obumbratam
1119 3654 1189 3708 Pom
1244 3655 1274 3708 11
1294 3655 1359 3707 sunt

223 3762 272 3801 om.
287 3746 314 3798 A
373 3747 405 3799 15
422 3758 488 3812 quae
504 3760 555 3798 om.
568 3744 595 3796 A
654 3743 685 3796 21
706 3742 827 3810 spectans
844 3743 884 3795 tot
901 3756 930 3794 ac
947 3743 1037 3794 tantos
1050 3742 1077 3795 Β
1142 3738 1359 3795 22666616166-

222 3834 267 3885 tur
284 3833 311 3885 A
363 3829 420 3898 ipso
438 3828 502 3882 Ioue
521 3830 548 3884 Β
600 3828 664 3897 ipsis
687 3828 741 3880 suis
763 3827 877 3881 testibus
900 3829 935 3894 B,
958 3826 1108 3880 sistcstibus
1127 3829 1154 3881 A
1208 3828 1240 3881 23
1262 3841 1359 3896 conge-

222 3918 362 3971 miscentes
379 3919 406 3971 B
463 3918 537 3985 2466.
557 3914 716 3968 saeuioribus
736 3930 814 3982 quam
831 3914 882 3984 ipsi
900 3901 1014 3967 flammis
1031 3913 1182 3967 saeuicrunt
1198 3913 1359 3968 insultantes

223 4007 314 4059 contra
343 4003 506 4059 Christianos
534 4004 645 4071 scripsi:
672 4001 833 4056 sacuioribus
862 4017 942 4069 quam
971 4001 1022 4070 ipsi
1053 4000 1174 4053 flammas
1206 4000 1360 4055 saeuiorunt

222 4090 413 4146 insultantibus
432 4092 525 4144 contra
543 4089 706 4144 Christianos
718 4088 887 4156 (Christianis
905 4088 935 4155 C)
948 4091 983 4155 B,
1003 4088 1053 4141 scli
1071 4087 1186 4140 flammis
1205 4086 1361 4142 sacufcrnnt

222 4180 283 4247 (cic)
305 4176 495 4232 insultantibus
522 4179 614 4229 contra
641 4175 804 4231 Christianos
827 4178 862 4238 A,
891 4174 1053 4229 saeuioribus
1082 4190 1162 4243 quam
1189 4174 1239 4242 ipsi
1266 4178 1361 4228 contra

223 4265 386 4322 Christianos
405 4264 555 4318 saeuierunt
572 4262 687 4316 flammis
705 4263 769 4333 Rip,
795 4261 957 4315 saeuioribus
985 4277 1065 4329 quam
1088 4261 1140 4329 ipsi
1163 4260 1278 4315 flammis
1301 4277 1360 4315 sao-

225 4354 332 4409 6166661
348 4350 538 4407 insultantibus
557 4352 648 4404 contra
666 4349 829 4406 Christianos
848 4350 882 4404 E.
896 4350 1099 4406 11166666666666
