2820 4914
142 386 206 451 380
374 388 487 455 Quinti
505 389 644 458 Septimi
663 389 832 444 Florentia
850 392 1053 446 Tertulliani

143 569 268 645 norunt,
303 565 375 647 quia
410 570 443 628 et
472 566 584 630 Daniel
618 586 727 630 rursus
758 569 853 631 trium
883 569 1119 634 hebdomadum
1150 573 1264 635 statione

143 670 242 733 carrdt
271 670 367 751 uictu,
398 671 453 734 sed
483 676 518 735 ut
544 673 638 735 deum
659 673 801 736 inliceret
822 674 1049 738 humiliationis
1072 676 1192 756 officiis,
1218 695 1263 740 non

143 780 178 838 ut
208 776 331 838 animae
361 777 574 841 somniaturae
601 797 729 842 sensum
753 783 785 841 et
808 780 996 862 sapientiam
1019 784 1166 862 strueret,
1195 783 1266 862 quasi

143 899 205 944 non
228 881 260 943 in
283 882 396 945 ecstasi
419 886 553 946 acturae.
588 884 632 947 ita
655 903 717 948 non
739 884 780 947 ad
803 885 937 948 ecstasin
958 886 1265 950 summouendamso

104 1013 117 1050 s
143 984 259 1048 hrietas
282 984 433 1068 proficiet,
456 987 512 1050 sed
535 988 575 1051 ad
596 989 698 1071 ipsam
723 990 858 1053 ecstasin
881 990 1175 1071 commendandam,
1197 991 1264 1054 utin

145 1090 202 1154 deo
226 1088 289 1154 fiat.

187 1192 239 1258 49.
263 1194 405 1259 Infantes
436 1197 491 1278 qui
518 1216 580 1262 non
603 1202 716 1281 putant
739 1200 906 1280 somniare,
939 1219 1011 1264 cum
1035 1201 1142 1264 omnia
1164 1201 1262 1264 ammae

143 1318 200 1383 pro
223 1301 314 1364 modo
337 1301 451 1365 aetatis
471 1308 689 1386 expungantur
705 1305 737 1367 in
753 1305 828 1384 uita,
852 1305 1105 1370 animaduerterat
1122 1323 1261 1369 succussus

145 1409 176 1470 et
201 1409 296 1469 nutus
320 1410 352 1470 ct
374 1407 563 1471 renidentias
587 1426 694 1471 eorum
717 1428 772 1492 per
796 1411 943 1491 quietem,
975 1414 1010 1474 ut
1033 1429 1070 1473 ex
1091 1428 1126 1472 re
1150 1428 1262 1492 compre-

94 1536 119 1575 lo
145 1510 286 1575 hendant
307 1516 411 1576 motus
436 1513 559 1576 animae
583 1514 768 1578 somniantis
792 1514 882 1578 facile
898 1534 954 1597 per
969 1515 1074 1578 carnis
1090 1515 1261 1578 teneritatem

147 1635 309 1699 erumpere
339 1617 373 1680 in
403 1616 609 1700 superficiem.
657 1619 711 1681 sed
742 1623 773 1683 et
799 1619 880 1700 quod
903 1617 1019 1702 Libyca
1041 1638 1120 1703 gens
1143 1619 1261 1682 Atlantes

147 1739 238 1785 caeco
269 1740 379 1786 somno
411 1726 536 1787 noctem
568 1724 741 1807 transigere
770 1724 923 1804 dicuntur,
956 1724 1080 1788 animae
1103 1725 1205 1806 utique
1225 1739 1263 1786 na·

147 1831 217 1890 tura
240 1845 301 1891 non
325 1831 458 1891 taxatur.
503 1845 594 1911 porro
618 1832 673 1892 aut
695 1829 853 1894 Herodoto
876 1830 961 1894 fama
984 1830 1120 1894 mentita
1144 1833 1188 1893 est
1207 1846 1265 1892 nor·

148 1949 321 2013 numquam
344 1932 376 1996 in
399 1932 549 1996 barbaros
572 1933 764 1997 calumniosa
785 1937 840 1997 aut
855 1951 970 2016 magna
987 1934 1034 1996 uis
1052 1933 1200 1997 eiusmodi
1213 1932 1265 1995 dae-

97 2056 121 2097 15
148 2053 278 2100 monum
312 2037 344 2100 in
378 2037 431 2101 illo
465 2037 590 2101 climate
625 2037 811 2102 dominatur.
872 2039 898 2101 si
929 2037 1012 2100 enim
1044 2041 1076 2101 et
1105 2037 1266 2102 Aristoteles

51 2193 56 2201 .
148 2140 274 2204 heroem
304 2142 460 2223 quendam
492 2140 651 2206 Sardiniae
682 2146 770 2207 notat
799 2141 996 2206 incubatores
1026 2143 1094 2206 fani
1124 2143 1172 2206 sui
1195 2142 1267 2205 uisio-

149 2245 241 2310 nibus
271 2247 459 2328 priuantem,
491 2247 550 2310 erit
580 2250 612 2311 et
641 2247 699 2311 hoc
728 2248 761 2310 in
791 2247 979 2311 daemonum
1002 2246 1192 2327 hbidinibus‚
1219 2249 1267 2309 tam

150 2350 271 2416 auferre
294 2351 416 2415 somnia
438 2370 532 2433 quam
555 2351 681 2431 inferre,
714 2355 749 2415 ut
770 2352 903 2415 Neronis
928 2369 1049 2433 quoque
1072 2352 1134 2414 seri
1157 2350 1267 2415 somnia-

149 2457 225 2520 toris
256 2459 287 2520 et
310 2455 531 2539 Thrasymedis
561 2457 683 2539 insigne
713 2456 785 2520 inde
814 2457 1009 2538 processerit.
1032 2452 1036 2539 l
1057 2456 1113 2518 sed
1140 2458 1170 2519 et
1192 2473 1209 2518 a
1228 2454 1310 2516 deora

97 2582 122 2620 ro
149 2561 331 2625 deducimus
360 2561 489 2625 somnia.
534 2561 608 2643 quid
632 2579 704 2644 ergo
728 2580 786 2624 nee
809 2560 900 2624 adeo
915 2560 1063 2624 Atlantes
1087 2558 1268 2635 somniarent,

150 2666 200 2729 uel
231 2667 302 2748 quia
333 2665 419 2729 nulla
449 2666 511 2729 iam
542 2685 619 2749 gens
650 2666 699 2729 dei
730 2669 877 2729 extranea
900 2668 948 2728 est
970 2666 1001 2727 in
1024 2682 1154 2728 omnem
1176 2667 1269 2728 terram

151 2774 182 2834 et
215 2770 247 2834 in
279 2770 429 2834 terminos
460 2768 543 2834 orbis
575 2770 736 2853 euangeho
768 2771 971 2833 coruscante?
1027 2788 1105 2863 num
1137 2786 1207 2853 ergo
1232 2767 1270 2828 aut

150 2875 235 2939 lama
265 2875 397 2938 mentita
427 2878 474 2939 est
496 2874 662 2938 Aristoteli
692 2878 746 2938 aut
776 2875 964 2938 daemonum
991 2873 1030 2937 ad
1053 2874 1113 2937 hoc
1135 2873 1211 2937 ratio
1229 2872 1269 2947 cst,

151 2979 226 3042 dum
257 2998 295 3043 ne
327 2979 450 3043 animae
482 2980 585 3061 aliqua
608 2983 719 3043 natura
742 2979 884 3043 credatur
906 2979 1055 3043 immunis
1080 2973 1269 3043 somniomn?

95 3103 121 3143 eu
193 3081 244 3147 50.
267 3083 347 3149 Satis
372 3085 409 3148 de
433 3085 558 3167 speculo
582 3085 691 3148 mortis
714 3084 745 3146 id
769 3087 817 3148 est
841 3084 877 3147 de
902 3101 1022 3165 somno,
1045 3086 1114 3148 tum
1139 3084 1226 3148 etiam
1242 3077 1268 3139 do

151 3187 282 3270 negotiis
314 3188 416 3252 somni
448 3188 479 3252 id
509 3191 558 3252 est
588 3188 625 3251 de
656 3188 795 3252 somniis.
842 3207 926 3252 nuno
958 3187 996 3252 ad
1027 3189 1178 3272 originem
1198 3183 1266 3250 huius

254 3377 280 3446 1]
295 3376 327 3431 cf.
338 3377 406 3431 Dan.
419 3380 458 3442 10,
471 3380 483 3432 1
496 3394 532 3446 sq.
590 3377 633 3446 13]
653 3377 687 3431 cf.
705 3376 804 3431 Herod.
818 3377 857 3430 IV
872 3380 930 3433 184.

195 3572 206 3624 1
233 3568 340 3622 danihel
359 3570 386 3623 A
449 3572 465 3624 2
489 3569 573 3623 caruit
591 3570 742 3625 Mcrccracs:
764 3569 834 3622 aruit
850 3571 905 3624 AB
968 3571 985 3624 4
1007 3585 1061 3623 non
1086 3570 1127 3639 in]
1150 3585 1200 3623 non
1215 3564 1269 3619 aliter

153 3657 207 3723 (acl
224 3655 301 3724 alias)
313 3656 341 3709 in
358 3659 433 3726 sort,
452 3672 505 3709 non
518 3657 574 3709 sine
586 3657 730 3712 Hartcle'os
782 3657 811 3709 in
824 3674 874 3712 oro.
888 3657 914 3710 A
967 3656 1213 3712 5eommodandan
1223 3654 1270 3721 fort

153 3743 263 3798 lemni
280 3744 306 3797 A
375 3746 405 3798 ll
430 3742 553 3797 Atlantes
578 3744 641 3799 Gcl:
663 3743 791 3797 atlantico
809 3745 844 3812 A,
868 3743 1015 3798 athlantico
1038 3745 1065 3798 B
1138 3746 1170 3800 12
1192 3742 1272 3796 noctem

155 3832 218 3886 Gcl:
241 3847 294 3884 uon
312 3832 347 3899 B,
368 3848 418 3885 ooa
435 3832 471 3899 A,
490 3829 532 3883 ‘al
551 3829 624 3884 deest
643 3829 704 3884 non‘
721 3833 793 3900 Bmp
863 3831 953 3899 itaque
970 3832 998 3885 A
1072 3834 1176 3887 13⁴non
1192 3829 1274 3883 taxatur

155 3920 267 3988 scripsi:
293 3920 419 3972 taxantur
445 3918 509 3985 AB,
536 3920 643 3971 taxatur
668 3919 718 3973 Gcl
795 3921 826 3973 15
853 3921 880 3971 et
906 3937 957 3974 om.
979 3920 1007 3972 A
1087 3921 1118 3973 16
1145 3913 1277 3971 heroan

157 4007 189 4060 lo
208 4004 311 4059 crateres
329 4004 419 4057 omnia
437 4005 464 4058 A
519 4006 550 4058 19
568 4004 653 4057 tharsi
674 4004 760 4058 medis
779 4006 805 4059 A
858 4008 892 4060 20
914 4005 1019 4059 somnia
1039 4006 1119 4075 Bmp,
1138 4004 1225 4058 omnia
1238 4000 1280 4056 AB

156 4091 297 4146 Athlautes
314 4092 341 4145 B
410 4092 444 4146 22
461 4107 531 4144 nunc
548 4092 700 4161 Kellacras,
718 4109 802 4145 unum
819 4094 865 4161 (cf.
882 4096 942 4160 391,
961 4094 988 4161 7)
1005 4094 1150 4147 Heraclius
1213 4093 1245 4146 23
1259 4086 1284 4142 ad

152 4179 202 4232 hoc
228 4180 342 4248 ser-ipsi:
369 4178 456 4232 adhuc
481 4179 537 4232 AB
619 4182 652 4234 21
676 4180 780 4232 animae
802 4198 852 4234 ocu.
871 4179 899 4232 B
950 4187 954 4194 '
981 4182 1014 4234 25
1038 4179 1085 4231 DE
1107 4177 1241 4232 mocula
1257 4174 1288 4229 Vl

152 4265 205 4331 (vl
228 4284 279 4322 erra.
302 4267 342 4332 A)
365 4265 408 4318 ΕΤ
432 4265 479 4318 DE
502 4265 704 4320 MENANDRO
726 4265 931 4320 HAERETICO
958 4265 1155 4332 (HERETIOO
1173 4266 1212 4334 A)
1230 4265 1286 4332 AB,

152 4353 202 4407 Gal
256 4357 314 4405 tum
339 4353 403 4407 t'rs:
421 4369 480 4405 eum
501 4354 556 4406 AB

20 4500 155 4634 ἢ
