2820 4914
419 411 494 467 VIII.
513 413 557 467 De
575 412 739 483 pudicitia
756 416 849 470 9-10.
1137 413 1199 478 239

108 582 162 649 10.
192 585 329 650 Excusso
356 586 451 670 igitur
480 587 553 671 iugo
583 588 615 651 in
646 588 804 652 ethnicum
834 588 1008 652 disserendi
1036 588 1200 671 parabolas

58 690 143 754 istas
167 693 198 754 et
220 691 318 755 semel
340 691 478 775 dispecta
499 693 551 756 nel
573 696 697 776 recepta
719 692 904 757 necessitate
923 710 986 756 non
1002 693 1091 756 aliter
1105 693 1201 757 inter-

60 795 210 878 pretandi
230 813 326 877 quam
349 796 481 861 materia
503 797 652 880 propositi
675 800 733 878 est,
757 797 950 861 contendunt
964 796 1029 860 iam
1044 815 1101 861 nec
1116 814 1201 860 oom-

62 903 172 982 potere
195 900 327 964 ethnicis
345 901 555 983 paenitentiae
571 901 847 982 denuntiationem,
871 919 1004 984 quorum
1018 901 1130 965 delicta
1145 901 1200 965 oh-

64 1006 157 1068 noria
187 1005 215 1069 ei
241 1023 303 1069 non
325 1006 402 1086 sint,
432 1005 625 1090 ignorantiae
648 1006 768 1070 scilicet
789 1006 987 1090 imputanda,
1018 1024 1113 1088 qnam
1135 1007 1201 1070 sola
1239 1034 1252 1074 s

63 1113 179 1174 natnrra
211 1128 297 1174 ream
331 1110 387 1174 deo
420 1111 525 1175 faeiat.
570 1128 661 1194 porro
694 1128 752 1174 neo
780 1111 920 1175 remedia
949 1129 1057 1194 sapere
1087 1109 1199 1192 quibus

62 1215 204 1296 pericula
223 1215 292 1297 ipsa
314 1232 376 1279 non
399 1215 531 1298 sapiant,
554 1216 617 1279 illic
640 1219 745 1279 summ
765 1215 976 1298 paenitentiae
995 1219 1136 1280 constare
1151 1234 1201 1279 ra-

62 1319 184 1385 tionem
212 1319 267 1382 nbi
296 1319 485 1384 conscientia
508 1322 539 1383 et
560 1319 721 1384 uoluntate
744 1319 948 1401 delinquitur,
978 1318 1032 1383 nbi
1055 1323 1086 1384 et
1109 1320 1200 1403 culpa

63 1424 167 1506 sapiat
189 1426 221 1487 ct
241 1424 353 1508 gratia,
374 1409 464 1488 illum
486 1424 607 1507 lugere,
630 1424 720 1488 illum
742 1424 884 1504 uolutari,
911 1424 965 1505 qni
986 1424 1065 1488 sciat
1079 1427 1112 1488 ct
1127 1424 1200 1506 quid

62 1526 207 1590 amiserit
229 1527 355 1609 etquid
377 1527 418 1592 sit
440 1530 688 1611 recuperaturus,
715 1527 742 1590 si
763 1527 987 1610 paenitentiam
1008 1528 1065 1592 deo
1087 1529 1200 1593 immo-
1227 1553 1252 1592 10

60 1631 139 1694 larit
167 1632 273 1713 utique
303 1650 374 1696 eam
402 1632 503 1716 magis
533 1630 606 1695 filiis
634 1631 776 1695 offerenti
798 1650 891 1713 quam
915 1633 1077 1697 extraneis.
1122 1652 1200 1697 num

63 1752 140 1818 ergo
170 1738 202 1800 et
230 1737 323 1800 Ionas
353 1737 467 1801 idcirco
497 1736 629 1800 ethnicis
656 1735 804 1800 Niniuitis
834 1752 897 1800 non
929 1735 1061 1819 putabat
1093 1738 1200 1821 paeni-

62 1839 199 1904 tentiam
220 1840 438 1921 necessan'am,
462 1858 535 1904 cum
557 1840 755 1904 cauillaretur
776 1841 810 1903 in
832 1840 1071 1922 praedicationis
1088 1841 1199 1922 officio,

63 1960 106 2007 an
128 1945 232 2026 potins
256 1944 499 2009 misericordiam
521 1944 571 2008 dei
593 1943 760 2027 prouidens
783 1943 878 2007 etiam
899 1945 932 2008 in
952 1947 1115 2010 extraneos
1130 1963 1203 2028 pro-

62 2047 170 2112 fusam
198 2049 289 2130 quasi
319 2048 546 2113 destructuram
569 2049 770 2132 praeconium
791 2046 979 2112 nerebatnr?
1010 2052 1102 2131 atque
1124 2050 1199 2114 adeo
1228 2075 1253 2112 rs

62 2157 192 2237 propter
221 2155 381 2220 ciuitatem
409 2155 587 2239 profanam,
621 2153 760 2218 nondum
790 2153 840 2218 dei
872 2157 1064 2238 compotem,
1099 2154 1200 2219 adhuc

62 2259 242 2342 ignorantia
271 2260 516 2341 delinquentem,
546 2277 645 2342 paene
675 2258 767 2341 periit
795 2258 983 2341 prophetes?
1028 2259 1089 2323 nisi
1118 2260 1200 2342 qnod

64 2365 244 2458 exemplum
265 2383 377 2448 passus
401 2367 449 2429 ost
471 2364 642 2429 dominicae
664 2363 818 2447 passionis
835 2362 975 2428 ethnicos
991 2382 1112 2446 quoque
1126 2382 1200 2447 pao-

63 2469 202 2533 nitentes
230 2469 457 2553 redempturae.
512 2468 592 2533 bene
622 2468 705 2549 quod
735 2470 766 2531 ct
792 2466 948 2531 Iohannes
982 2467 1100 2532 domini
1132 2468 1199 2532 uias

64 2576 208 2638 sternens
243 2591 304 2637 non
338 2573 443 2637 minus
477 2571 684 2636 militantibus
719 2575 750 2635 et
785 2570 959 2654 publicanis
996 2559 1091 2653 qnam
1127 2570 1199 2635 fihis
1226 2595 1251 2634 oo

62 2676 228 2742 Abraham
256 2676 465 2760 paenitentiae
495 2680 562 2740 erat
590 2692 709 2758 praeco.
756 2675 823 2758 ipse
846 2674 990 2739 dominus
1014 2673 1145 2740 Sidoniis
1168 2677 1200 2739 et

63 2780 167 2864 Tyriis
193 2781 406 2865 praesumpsit
433 2780 672 2864 paenitentiam,
703 2779 730 2843 si
760 2779 914 2843 uhtutnm
943 2779 1130 2843 documenta
1152 2779 1200 2843 ui·

63 2885 194 2950 dissent.
228 2886 338 2968 atquin
360 2904 417 2970 ego
439 2885 527 2950 illam
549 2884 743 2949 naturalibus
766 2883 866 2967 magis
886 2883 1098 2967 peccatoribus
1114 2900 1200 2947 com-

62 2992 170 3072 petere
199 2989 387 3055 contendam
415 3007 510 3071 qnam
540 2988 733 3053 uoluntariis.
785 2987 885 3070 magis
916 2987 999 3051 enim
1030 2986 1199 3052 merebitur

62 3093 204 3158 fructum
226 3096 292 3158 eins
315 3093 368 3176 qni
390 3093 528 3158 nondum
552 3110 587 3157 eo
610 3111 686 3157 usus
709 3094 757 3157 est
778 3110 873 3174 quam
889 3091 943 3173 qni
957 3091 1021 3156 iam
1037 3094 1068 3156 at
1083 3091 1199 3156 abusus
1226 3117 1251 3157 ro

62 3201 124 3280 est,
151 3199 312 3282 magisque
335 3197 456 3281 sapient
475 3197 615 3262 remedia
635 3196 738 3280 prima
759 3213 854 3277 qnam
877 3196 1005 3260 exoleta.
1050 3195 1200 3261 nimirum

61 3301 210 3368 dominns
232 3303 363 3387 ingratis
384 3301 540 3386 benignus
564 3301 665 3385 magis
688 3318 782 3383 qnam
804 3300 921 3384 ignaris
942 3303 974 3364 et
989 3300 1079 3365 citius
1095 3318 1200 3385 repro-

60 3406 146 3471 batis
168 3406 345 3489 misericors
367 3424 463 3488 qnam
480 3406 620 3470 nondum
634 3404 784 3489 probatis,
806 3406 919 3469 utnon
934 3404 1034 3488 magis
1049 3404 1200 3469 irascatur

60 3511 263 3576 contumeliis
286 3511 471 3575 clementiae
493 3528 569 3575 suae
591 3527 686 3592 quam
708 3508 897 3589 blandiatur,
921 3510 953 3573 et
972 3526 1035 3574 non
1049 3508 1199 3574 libentius

61 3617 221 3681 extraneis
251 3634 322 3680 eam
350 3616 511 3700 impertiat
539 3634 633 3698 qnam
663 3615 696 3679 in
722 3613 794 3679 filiis
816 3614 964 3697 perdidit,
995 3632 1067 3678 cum
1089 3616 1199 3698 gentes
1225 3640 1251 3681 ao

60 3721 110 3785 sio
141 3721 347 3803 adoptauerit,
382 3721 457 3785 dum
479 3720 588 3785 ludaei
618 3721 655 3784 de
686 3718 839 3804 patientia
871 3718 993 3783 ludunt.
1053 3718 1108 3783 scd
1141 3719 1200 3783 hoc

60 3825 176 3889 uolunt
198 3824 345 3908 psychici,
368 3829 403 3889 ut
425 3826 501 3890 deus
516 3824 590 3889 iusti
604 3824 694 3888 index
709 3823 776 3888 cius
790 3823 961 3907 peccatoris
975 3823 1199 3906 paenitentiam

60 3929 155 3993 malit
176 3947 272 4011 qnam
293 3933 427 3995 mortem
449 3929 503 4011 qni
525 3932 658 3993 mortem
681 3927 875 4013 paenitentia
898 3926 1017 3992 maluit.
1063 3927 1145 4008 quod
1173 3926 1199 3991 si

108 4101 164 4156 lin
177 4101 314 4155 ethnicum
327 4101 607 4157 Get:ethnicornt
646 4099 766 4154 ethnicos
779 4115 832 4155 non
845 4099 990 4155 disserendi
999 4102 1062 4171 sort.
1099 4102 1199 4155 dream

60 4188 114 4242 deo
128 4187 192 4243 Get:
209 4188 394 4243 remedeoB
440 4187 516 4256 aqui
530 4188 592 4243 Get:
609 4188 715 4254 quaeB
762 4189 792 4243 ll
806 4188 877 4258 eam]
891 4186 1078 4258 gratiamsort.
1133 4203 1198 4242 num

62 4276 130 4331 cer:
151 4290 223 4329 nnnc
245 4278 280 4341 B,
303 4291 357 4329 non
379 4276 451 4331 Pom
521 4276 553 4330 18
574 4272 738 4344 paenitentes
764 4274 793 4343 G,
811 4292 861 4331 cm.
878 4276 906 4330 B
975 4276 1009 4331 2⁸2
1030 4272 1117 4343 'l'yriis
1137 4274 1200 4330 aaz:

59 4361 142 4433 Tyris
160 4363 188 4418 B
239 4364 272 4418 27
290 4361 404 4431 ingratis
420 4362 456 4430 B,
474 4360 565 4430 gnaris
583 4361 639 4417 Lat
691 4363 725 4417 82
742 4360 828 4417 iustus
846 4361 917 4418 Pace
