<?xml version="1.0" encoding="UTF-8"?>
<!DOCTYPE html PUBLIC "-//W3C//DTD XHTML 1.0 Transitional//EN"
    "http://www.w3.org/TR/xhtml1/DTD/xhtml1-transitional.dtd">
<html xmlns="http://www.w3.org/1999/xhtml" xml:lang="en" lang="en">
 <head>
  <title>
</title>
<meta http-equiv="Content-Type" content="text/html;charset=utf-8" />
  <meta name='ocr-system' content='tesseract 3.04.00' />
  <meta name='ocr-capabilities' content='ocr_page ocr_carea ocr_par ocr_line ocrx_word'/>
</head>
<body>
  <div class='ocr_page' id='page_1' title='image "./qvintiseptimifl00wissgoog_0326.png"; bbox 0 0 2820 4914; ppageno 0'>
   <div class='ocr_carea' id='block_1_1' title="bbox 490 112 1211 177">
    <p class='ocr_par' dir='ltr' id='par_1_1' title="bbox 490 112 1211 177">
     <span class='ocr_line' id='line_1_1' title="bbox 490 112 1211 177; baseline 0.019 -13"><span class='ocrx_word' id='word_1_1' title='bbox 490 112 521 165; x_wconf 91' lang='lat' dir='ltr'>X.</span> <span class='ocrx_word' id='word_1_2' title='bbox 541 113 585 165; x_wconf 81' lang='lat' dir='ltr'>De</span> <span class='ocrx_word' id='word_1_3' title='bbox 604 112 711 164; x_wconf 87' lang='lat' dir='ltr'>anima</span> <span class='ocrx_word' id='word_1_4' title='bbox 729 113 804 165; x_wconf 79' lang='grc'>2-4.</span> <span class='ocrx_word' id='word_1_5' title='bbox 1148 114 1211 177; x_wconf 85' lang='grc'>303</span> 
     </span>
    </p>
   </div>
   <div class='ocr_carea' id='block_1_2' title="bbox 18 289 1266 3511">
    <p class='ocr_par' dir='ltr' id='par_1_2' title="bbox 18 289 1266 2757">
     <span class='ocr_line' id='line_1_2' title="bbox 59 289 1213 373; baseline 0.002 -21"><span class='ocrx_word' id='word_1_6' title='bbox 59 291 227 372; x_wconf 60' lang='lat' dir='ltr'>0&amp;lupones</span> <span class='ocrx_word' id='word_1_7' title='bbox 252 290 460 373; x_wconf 78' lang='lat' dir='ltr'>degustasset,</span> <span class='ocrx_word' id='word_1_8' title='bbox 484 289 555 352; x_wconf 89' lang='lat' dir='ltr'>inde</span> <span class='ocrx_word' id='word_1_9' title='bbox 579 289 720 371; x_wconf 73' lang='lat' dir='ltr'>concepit</span> <span class='ocrx_word' id='word_1_10' title='bbox 739 289 1014 371; x_wconf 79' lang='lat' dir='ltr'>praemonitorium</span> <span class='ocrx_word' id='word_1_11' title='bbox 1030 290 1106 353; x_wconf 90' lang='lat' dir='ltr'>illud</span> <span class='ocrx_word' id='word_1_12' title='bbox 1131 290 1213 354; x_wconf 92' lang='lat' dir='ltr'>edic·</span> 
     </span>
     <span class='ocr_line' id='line_1_3' title="bbox 57 376 1212 478; baseline 0.002 -22"><span class='ocrx_word' id='word_1_13' title='bbox 57 376 152 456; x_wconf 71' lang='lat' dir='ltr'>t¹11n.</span> <span class='ocrx_word' id='word_1_14' title='bbox 188 394 318 478; x_wconf 79' lang='lat' dir='ltr'>perinde</span> <span class='ocrx_word' id='word_1_15' title='bbox 342 394 425 457; x_wconf 91' lang='lat' dir='ltr'>enim</span> <span class='ocrx_word' id='word_1_16' title='bbox 450 396 481 457; x_wconf 92' lang='lat' dir='ltr'>et</span> <span class='ocrx_word' id='word_1_17' title='bbox 505 394 627 457; x_wconf 87' lang='lat' dir='ltr'>animae</span> <span class='ocrx_word' id='word_1_18' title='bbox 643 393 720 457; x_wconf 89' lang='lat' dir='ltr'>ratio</span> <span class='ocrx_word' id='word_1_19' title='bbox 736 412 791 474; x_wconf 91' lang='lat' dir='ltr'>per</span> <span class='ocrx_word' id='word_1_20' title='bbox 807 393 1039 475; x_wconf 88' lang='lat' dir='ltr'>philosophatas</span> <span class='ocrx_word' id='word_1_21' title='bbox 1057 393 1212 458; x_wconf 78' lang='lat' dir='ltr'>doctrinas</span> 
     </span>
     <span class='ocr_line' id='line_1_4' title="bbox 49 474 1213 581; baseline 0 -19"><span class='ocrx_word' id='word_1_22' title='bbox 49 474 234 562; x_wconf 74' lang='lat' dir='ltr'>horinum</span> <span class='ocrx_word' id='word_1_23' title='bbox 258 499 428 562; x_wconf 87' lang='lat' dir='ltr'>miscentes</span> <span class='ocrx_word' id='word_1_24' title='bbox 453 516 549 579; x_wconf 89' lang='lat' dir='ltr'>aquas</span> <span class='ocrx_word' id='word_1_25' title='bbox 572 498 655 561; x_wconf 92' lang='lat' dir='ltr'>uino.</span> <span class='ocrx_word' id='word_1_26' title='bbox 695 496 749 560; x_wconf 90' lang='lat' dir='ltr'>alii</span> <span class='ocrx_word' id='word_1_27' title='bbox 772 497 982 560; x_wconf 81' lang='lat' dir='ltr'>immortalem</span> <span class='ocrx_word' id='word_1_28' title='bbox 1006 502 1123 581; x_wconf 85' lang='lat' dir='ltr'>negant</span> <span class='ocrx_word' id='word_1_29' title='bbox 1147 500 1213 574; x_wconf 86' lang='lat' dir='ltr'>ani-</span> 
     </span>
     <span class='ocr_line' id='line_1_5' title="bbox 44 594 1212 685; baseline 0.003 -21"><span class='ocrx_word' id='word_1_30' title='bbox 44 594 168 683; x_wconf 63' lang='lat' dir='ltr'>mam,</span> <span class='ocrx_word' id='word_1_31' title='bbox 193 603 245 667; x_wconf 89' lang='lat' dir='ltr'>alii</span> <span class='ocrx_word' id='word_1_32' title='bbox 261 605 332 685; x_wconf 92' lang='lat' dir='ltr'>plus</span> <span class='ocrx_word' id='word_1_33' title='bbox 349 621 443 684; x_wconf 91' lang='lat' dir='ltr'>quam</span> <span class='ocrx_word' id='word_1_34' title='bbox 459 599 670 666; x_wconf 82' lang='lat' dir='ltr'>immortalem</span> <span class='ocrx_word' id='word_1_35' title='bbox 694 601 870 682; x_wconf 90' lang='lat' dir='ltr'>adfirmant,</span> <span class='ocrx_word' id='word_1_36' title='bbox 895 602 945 665; x_wconf 90' lang='lat' dir='ltr'>alii</span> <span class='ocrx_word' id='word_1_37' title='bbox 966 602 1003 664; x_wconf 90' lang='lat' dir='ltr'>de</span> <span class='ocrx_word' id='word_1_38' title='bbox 1024 602 1212 684; x_wconf 86' lang='lat' dir='ltr'>substantia,</span> 
     </span>
     <span class='ocr_line' id='line_1_6' title="bbox 38 690 1265 789; baseline 0.009 -25"><span class='ocrx_word' id='word_1_39' title='bbox 38 690 131 768; x_wconf 64' lang='lat' dir='ltr'>alii</span> <span class='ocrx_word' id='word_1_40' title='bbox 157 708 194 770; x_wconf 89' lang='lat' dir='ltr'>de</span> <span class='ocrx_word' id='word_1_41' title='bbox 225 708 335 787; x_wconf 88' lang='lat' dir='ltr'>forma,</span> <span class='ocrx_word' id='word_1_42' title='bbox 368 708 420 770; x_wconf 90' lang='lat' dir='ltr'>alii</span> <span class='ocrx_word' id='word_1_43' title='bbox 451 707 488 770; x_wconf 92' lang='lat' dir='ltr'>de</span> <span class='ocrx_word' id='word_1_44' title='bbox 518 724 705 789; x_wconf 87' lang='lat' dir='ltr'>unaquaque</span> <span class='ocrx_word' id='word_1_45' title='bbox 732 706 935 789; x_wconf 85' lang='lat' dir='ltr'>dispositione</span> <span class='ocrx_word' id='word_1_46' title='bbox 965 707 1150 789; x_wconf 92' lang='lat' dir='ltr'>disceptant,</span> <span class='ocrx_word' id='word_1_47' title='bbox 1180 708 1213 772; x_wconf 95' lang='lat' dir='ltr'>hi</span> <span class='ocrx_word' id='word_1_48' title='bbox 1252 735 1265 775; x_wconf 81' lang='lat' dir='ltr'>s</span> 
     </span>
     <span class='ocr_line' id='line_1_7' title="bbox 30 798 1213 895; baseline 0.002 -21"><span class='ocrx_word' id='word_1_49' title='bbox 30 798 190 875; x_wconf 57' lang='lat' dir='ltr'>Statum</span> <span class='ocrx_word' id='word_1_50' title='bbox 208 813 274 876; x_wconf 91' lang='lat' dir='ltr'>eius</span> <span class='ocrx_word' id='word_1_51' title='bbox 291 813 416 876; x_wconf 91' lang='lat' dir='ltr'>aliunde</span> <span class='ocrx_word' id='word_1_52' title='bbox 433 812 561 892; x_wconf 85' lang='lat' dir='ltr'>ducunt,</span> <span class='ocrx_word' id='word_1_53' title='bbox 584 812 617 875; x_wconf 91' lang='lat' dir='ltr'>hi</span> <span class='ocrx_word' id='word_1_54' title='bbox 633 813 751 875; x_wconf 80' lang='lat' dir='ltr'>exitum</span> <span class='ocrx_word' id='word_1_55' title='bbox 767 811 915 875; x_wconf 90' lang='lat' dir='ltr'>aliorsum</span> <span class='ocrx_word' id='word_1_56' title='bbox 932 811 1101 892; x_wconf 90' lang='lat' dir='ltr'>abducunt,</span> <span class='ocrx_word' id='word_1_57' title='bbox 1122 817 1213 895; x_wconf 89' lang='lat' dir='ltr'>prout</span> 
     </span>
     <span class='ocr_line' id='line_1_8' title="bbox 26 901 1212 999; baseline 0.003 -22"><span class='ocrx_word' id='word_1_58' title='bbox 26 901 131 979; x_wconf 59' lang='lat' dir='ltr'>a-1it</span> <span class='ocrx_word' id='word_1_59' title='bbox 150 916 293 981; x_wconf 90' lang='lat' dir='ltr'>Platonis</span> <span class='ocrx_word' id='word_1_60' title='bbox 317 917 416 981; x_wconf 90' lang='lat' dir='ltr'>honor</span> <span class='ocrx_word' id='word_1_61' title='bbox 439 921 493 980; x_wconf 89' lang='lat' dir='ltr'>aut</span> <span class='ocrx_word' id='word_1_62' title='bbox 508 917 643 980; x_wconf 87' lang='lat' dir='ltr'>Zenonis</span> <span class='ocrx_word' id='word_1_63' title='bbox 666 916 756 999; x_wconf 84' lang='lat' dir='ltr'>uigor</span> <span class='ocrx_word' id='word_1_64' title='bbox 780 920 835 979; x_wconf 90' lang='lat' dir='ltr'>aut</span> <span class='ocrx_word' id='word_1_65' title='bbox 850 915 1030 980; x_wconf 88' lang='lat' dir='ltr'>Aristotelis</span> <span class='ocrx_word' id='word_1_66' title='bbox 1054 919 1143 980; x_wconf 89' lang='lat' dir='ltr'>tenor</span> <span class='ocrx_word' id='word_1_67' title='bbox 1159 919 1212 980; x_wconf 89' lang='lat' dir='ltr'>aut</span> 
     </span>
     <span class='ocr_line' id='line_1_9' title="bbox 105 1019 1213 1104; baseline 0 -20"><span class='ocrx_word' id='word_1_68' title='bbox 105 1020 198 1101; x_wconf 92' lang='lat' dir='ltr'>picuri</span> <span class='ocrx_word' id='word_1_69' title='bbox 222 1025 330 1104; x_wconf 89' lang='lat' dir='ltr'>stupor</span> <span class='ocrx_word' id='word_1_70' title='bbox 354 1024 412 1102; x_wconf 90' lang='lat' dir='ltr'>aut</span> <span class='ocrx_word' id='word_1_71' title='bbox 428 1021 580 1084; x_wconf 87' lang='lat' dir='ltr'>Heracliti</span> <span class='ocrx_word' id='word_1_72' title='bbox 603 1038 724 1084; x_wconf 88' lang='lat' dir='ltr'>maeror</span> <span class='ocrx_word' id='word_1_73' title='bbox 748 1022 802 1083; x_wconf 92' lang='lat' dir='ltr'>aut</span> <span class='ocrx_word' id='word_1_74' title='bbox 817 1019 1012 1103; x_wconf 82' lang='lat' dir='ltr'>Empedoclis</span> <span class='ocrx_word' id='word_1_75' title='bbox 1036 1020 1121 1084; x_wconf 89' lang='lat' dir='ltr'>furor</span> <span class='ocrx_word' id='word_1_76' title='bbox 1144 1040 1213 1103; x_wconf 87' lang='lat' dir='ltr'>per·</span> 
     </span>
     <span class='ocr_line' id='line_1_10' title="bbox 23 1111 1212 1209; baseline 0.001 -21"><span class='ocrx_word' id='word_1_77' title='bbox 23 1111 248 1190; x_wconf 44' lang='lat' dir='ltr'>&amp;uaserunt</span> <span class='ocrx_word' id='word_1_78' title='bbox 289 1125 429 1207; x_wconf 89' lang='lat' dir='ltr'>deliquit,</span> <span class='ocrx_word' id='word_1_79' title='bbox 460 1125 580 1209; x_wconf 90' lang='lat' dir='ltr'>opinor,</span> <span class='ocrx_word' id='word_1_80' title='bbox 611 1124 719 1188; x_wconf 87' lang='lat' dir='ltr'>diuina</span> <span class='ocrx_word' id='word_1_81' title='bbox 749 1124 889 1188; x_wconf 90' lang='lat' dir='ltr'>doctrina</span> <span class='ocrx_word' id='word_1_82' title='bbox 913 1143 948 1187; x_wconf 82' lang='lat' dir='ltr'>er</span> <span class='ocrx_word' id='word_1_83' title='bbox 971 1124 1087 1188; x_wconf 87' lang='lat' dir='ltr'>Iudaea</span> <span class='ocrx_word' id='word_1_84' title='bbox 1108 1126 1212 1207; x_wconf 91' lang='lat' dir='ltr'>potius</span> 
     </span>
     <span class='ocr_line' id='line_1_11' title="bbox 31 1227 1265 1312; baseline 0.002 -19"><span class='ocrx_word' id='word_1_85' title='bbox 31 1227 168 1310; x_wconf 60' lang='lat' dir='ltr'>quam</span> <span class='ocrx_word' id='word_1_86' title='bbox 192 1249 228 1293; x_wconf 86' lang='lat' dir='ltr'>ex</span> <span class='ocrx_word' id='word_1_87' title='bbox 252 1228 385 1294; x_wconf 82' lang='lat' dir='ltr'>Graecia</span> <span class='ocrx_word' id='word_1_88' title='bbox 407 1230 519 1293; x_wconf 90' lang='lat' dir='ltr'>oriens.</span> <span class='ocrx_word' id='word_1_89' title='bbox 560 1230 675 1293; x_wconf 90' lang='lat' dir='ltr'>errauit</span> <span class='ocrx_word' id='word_1_90' title='bbox 699 1233 730 1292; x_wconf 93' lang='lat' dir='ltr'>et</span> <span class='ocrx_word' id='word_1_91' title='bbox 753 1228 896 1292; x_wconf 74' lang='lat' dir='ltr'>Christus</span> <span class='ocrx_word' id='word_1_92' title='bbox 927 1229 1097 1312; x_wconf 91' lang='lat' dir='ltr'>piscatores</span> <span class='ocrx_word' id='word_1_93' title='bbox 1121 1230 1212 1294; x_wconf 90' lang='lat' dir='ltr'>citius</span> <span class='ocrx_word' id='word_1_94' title='bbox 1241 1259 1265 1297; x_wconf 85' lang='grc' dir='ltr'>ιο</span> 
     </span>
     <span class='ocr_line' id='line_1_12' title="bbox 38 1333 1213 1418; baseline 0.001 -20"><span class='ocrx_word' id='word_1_95' title='bbox 38 1338 167 1415; x_wconf 53' lang='lat' dir='ltr'>quam</span> <span class='ocrx_word' id='word_1_96' title='bbox 191 1334 366 1418; x_wconf 86' lang='lat' dir='ltr'>sophistam</span> <span class='ocrx_word' id='word_1_97' title='bbox 390 1334 428 1397; x_wconf 92' lang='lat' dir='ltr'>ad</span> <span class='ocrx_word' id='word_1_98' title='bbox 444 1333 644 1417; x_wconf 91' lang='lat' dir='ltr'>praeconium</span> <span class='ocrx_word' id='word_1_99' title='bbox 660 1333 815 1397; x_wconf 89' lang='lat' dir='ltr'>emittens.</span> <span class='ocrx_word' id='word_1_100' title='bbox 855 1333 881 1397; x_wconf 90' lang='lat' dir='ltr'>si</span> <span class='ocrx_word' id='word_1_101' title='bbox 897 1351 958 1415; x_wconf 88' lang='lat' dir='ltr'>qua</span> <span class='ocrx_word' id='word_1_102' title='bbox 973 1334 1067 1417; x_wconf 87' lang='lat' dir='ltr'>igitur</span> <span class='ocrx_word' id='word_1_103' title='bbox 1081 1335 1114 1398; x_wconf 91' lang='lat' dir='ltr'>in</span> <span class='ocrx_word' id='word_1_104' title='bbox 1130 1335 1213 1399; x_wconf 87' lang='lat' dir='ltr'>huno</span> 
     </span>
     <span class='ocr_line' id='line_1_13' title="bbox 52 1437 1212 1520; baseline 0.002 -20"><span class='ocrx_word' id='word_1_105' title='bbox 52 1438 202 1502; x_wconf 69' lang='lat' dir='ltr'>lnodum</span> <span class='ocrx_word' id='word_1_106' title='bbox 232 1438 270 1502; x_wconf 91' lang='lat' dir='ltr'>de</span> <span class='ocrx_word' id='word_1_107' title='bbox 300 1438 460 1502; x_wconf 89' lang='lat' dir='ltr'>nidoribus</span> <span class='ocrx_word' id='word_1_108' title='bbox 488 1438 702 1520; x_wconf 88' lang='lat' dir='ltr'>philosophiae</span> <span class='ocrx_word' id='word_1_109' title='bbox 726 1437 893 1501; x_wconf 88' lang='lat' dir='ltr'>candidum</span> <span class='ocrx_word' id='word_1_110' title='bbox 918 1442 949 1501; x_wconf 91' lang='lat' dir='ltr'>et</span> <span class='ocrx_word' id='word_1_111' title='bbox 971 1457 1085 1520; x_wconf 88' lang='lat' dir='ltr'>purum</span> <span class='ocrx_word' id='word_1_112' title='bbox 1108 1457 1212 1503; x_wconf 90' lang='lat' dir='ltr'>aerem</span> 
     </span>
     <span class='ocr_line' id='line_1_14' title="bbox 57 1540 1213 1625; baseline 0.002 -19"><span class='ocrx_word' id='word_1_113' title='bbox 57 1543 215 1608; x_wconf 80' lang='lat' dir='ltr'>ueritatis</span> <span class='ocrx_word' id='word_1_114' title='bbox 238 1543 407 1622; x_wconf 84' lang='lat' dir='ltr'>infuscant,</span> <span class='ocrx_word' id='word_1_115' title='bbox 440 1560 477 1605; x_wconf 93' lang='lat' dir='ltr'>ea</span> <span class='ocrx_word' id='word_1_116' title='bbox 499 1545 591 1606; x_wconf 90' lang='lat' dir='ltr'>erunt</span> <span class='ocrx_word' id='word_1_117' title='bbox 613 1540 799 1606; x_wconf 75' lang='lat' dir='ltr'>Christianis</span> <span class='ocrx_word' id='word_1_118' title='bbox 831 1542 1021 1606; x_wconf 87' lang='lat' dir='ltr'>enubilanda</span> <span class='ocrx_word' id='word_1_119' title='bbox 1051 1547 1081 1608; x_wconf 89' lang='lat' dir='ltr'>et</span> <span class='ocrx_word' id='word_1_120' title='bbox 1103 1563 1213 1625; x_wconf 89' lang='lat' dir='ltr'>percu-</span> 
     </span>
     <span class='ocr_line' id='line_1_15' title="bbox 67 1647 1213 1731; baseline 0.002 -20"><span class='ocrx_word' id='word_1_121' title='bbox 67 1647 225 1712; x_wconf 87' lang='lat' dir='ltr'>tientibus</span> <span class='ocrx_word' id='word_1_122' title='bbox 257 1648 544 1731; x_wconf 85' lang='lat' dir='ltr'>argumentationes</span> <span class='ocrx_word' id='word_1_123' title='bbox 576 1647 741 1729; x_wconf 83' lang='lat' dir='ltr'>originales</span> <span class='ocrx_word' id='word_1_124' title='bbox 776 1647 808 1710; x_wconf 94' lang='lat' dir='ltr'>id</span> <span class='ocrx_word' id='word_1_125' title='bbox 839 1652 886 1711; x_wconf 91' lang='lat' dir='ltr'>est</span> <span class='ocrx_word' id='word_1_126' title='bbox 916 1647 1147 1730; x_wconf 88' lang='lat' dir='ltr'>philosophicas</span> <span class='ocrx_word' id='word_1_127' title='bbox 1182 1652 1213 1713; x_wconf 92' lang='lat' dir='ltr'>et</span> 
     </span>
     <span class='ocr_line' id='line_1_16' title="bbox 70 1751 1266 1834; baseline 0.001 -18"><span class='ocrx_word' id='word_1_128' title='bbox 70 1751 302 1834; x_wconf 90' lang='lat' dir='ltr'>opponentibus</span> <span class='ocrx_word' id='word_1_129' title='bbox 326 1751 523 1815; x_wconf 89' lang='lat' dir='ltr'>definitiones</span> <span class='ocrx_word' id='word_1_130' title='bbox 546 1752 697 1815; x_wconf 89' lang='lat' dir='ltr'>caelestes</span> <span class='ocrx_word' id='word_1_131' title='bbox 721 1751 751 1814; x_wconf 92' lang='lat' dir='ltr'>id</span> <span class='ocrx_word' id='word_1_132' title='bbox 775 1756 824 1816; x_wconf 88' lang='lat' dir='ltr'>est</span> <span class='ocrx_word' id='word_1_133' title='bbox 846 1751 1028 1832; x_wconf 86' lang='lat' dir='ltr'>dominicas,</span> <span class='ocrx_word' id='word_1_134' title='bbox 1052 1756 1087 1817; x_wconf 92' lang='lat' dir='ltr'>ut</span> <span class='ocrx_word' id='word_1_135' title='bbox 1104 1757 1134 1817; x_wconf 91' lang='lat' dir='ltr'>et</span> <span class='ocrx_word' id='word_1_136' title='bbox 1149 1753 1212 1834; x_wconf 87' lang='lat' dir='ltr'>illa,</span> <span class='ocrx_word' id='word_1_137' title='bbox 1242 1781 1266 1818; x_wconf 77' lang='lat' dir='ltr'>rs</span> 
     </span>
     <span class='ocr_line' id='line_1_17' title="bbox 70 1855 1213 1940; baseline 0.003 -20"><span class='ocrx_word' id='word_1_138' title='bbox 70 1856 186 1938; x_wconf 91' lang='lat' dir='ltr'>quibus</span> <span class='ocrx_word' id='word_1_139' title='bbox 218 1855 333 1920; x_wconf 90' lang='lat' dir='ltr'>ethnici</span> <span class='ocrx_word' id='word_1_140' title='bbox 364 1874 382 1919; x_wconf 91' lang='lat' dir='ltr'>a</span> <span class='ocrx_word' id='word_1_141' title='bbox 408 1855 607 1938; x_wconf 92' lang='lat' dir='ltr'>philosophia</span> <span class='ocrx_word' id='word_1_142' title='bbox 630 1856 806 1938; x_wconf 89' lang='lat' dir='ltr'>capiuntur,</span> <span class='ocrx_word' id='word_1_143' title='bbox 837 1857 1048 1938; x_wconf 89' lang='lat' dir='ltr'>destruantur,</span> <span class='ocrx_word' id='word_1_144' title='bbox 1073 1861 1104 1922; x_wconf 92' lang='lat' dir='ltr'>et</span> <span class='ocrx_word' id='word_1_145' title='bbox 1125 1860 1213 1940; x_wconf 92' lang='lat' dir='ltr'>haec,</span> 
     </span>
     <span class='ocr_line' id='line_1_18' title="bbox 70 1960 1213 2043; baseline 0.003 -19"><span class='ocrx_word' id='word_1_146' title='bbox 70 1961 185 2043; x_wconf 90' lang='lat' dir='ltr'>quibus</span> <span class='ocrx_word' id='word_1_147' title='bbox 209 1960 318 2025; x_wconf 89' lang='lat' dir='ltr'>fideles</span> <span class='ocrx_word' id='word_1_148' title='bbox 342 1960 381 2024; x_wconf 91' lang='lat' dir='ltr'>ab</span> <span class='ocrx_word' id='word_1_149' title='bbox 404 1960 527 2024; x_wconf 88' lang='lat' dir='ltr'>haeresi</span> <span class='ocrx_word' id='word_1_150' title='bbox 550 1960 781 2039; x_wconf 87' lang='lat' dir='ltr'>concutiuntur,</span> <span class='ocrx_word' id='word_1_151' title='bbox 809 1961 1025 2025; x_wconf 87' lang='lat' dir='ltr'>retundantur.</span> <span class='ocrx_word' id='word_1_152' title='bbox 1064 1981 1128 2026; x_wconf 86' lang='lat' dir='ltr'>una</span> <span class='ocrx_word' id='word_1_153' title='bbox 1150 1964 1213 2027; x_wconf 92' lang='lat' dir='ltr'>iam</span> 
     </span>
     <span class='ocr_line' id='line_1_19' title="bbox 69 2064 1213 2149; baseline 0.001 -20"><span class='ocrx_word' id='word_1_154' title='bbox 69 2065 293 2148; x_wconf 82' lang='lat' dir='ltr'>congressione</span> <span class='ocrx_word' id='word_1_155' title='bbox 316 2064 422 2128; x_wconf 91' lang='lat' dir='ltr'>decisa</span> <span class='ocrx_word' id='word_1_156' title='bbox 444 2065 594 2128; x_wconf 88' lang='lat' dir='ltr'>aduersus</span> <span class='ocrx_word' id='word_1_157' title='bbox 614 2064 857 2147; x_wconf 85' lang='lat' dir='ltr'>Hermogenem,</span> <span class='ocrx_word' id='word_1_158' title='bbox 881 2069 917 2129; x_wconf 95' lang='lat' dir='ltr'>ut</span> <span class='ocrx_word' id='word_1_159' title='bbox 939 2067 1071 2149; x_wconf 87' lang='lat' dir='ltr'>praefati</span> <span class='ocrx_word' id='word_1_160' title='bbox 1094 2085 1213 2148; x_wconf 79' lang='lat' dir='ltr'>sumuS,</span> 
     </span>
     <span class='ocr_line' id='line_1_20' title="bbox 69 2168 1214 2252; baseline 0.001 -19"><span class='ocrx_word' id='word_1_161' title='bbox 69 2170 146 2252; x_wconf 90' lang='lat' dir='ltr'>qnia</span> <span class='ocrx_word' id='word_1_162' title='bbox 168 2169 309 2233; x_wconf 89' lang='lat' dir='ltr'>animam</span> <span class='ocrx_word' id='word_1_163' title='bbox 333 2188 369 2232; x_wconf 83' lang='lat' dir='ltr'>en</span> <span class='ocrx_word' id='word_1_164' title='bbox 393 2168 441 2232; x_wconf 89' lang='lat' dir='ltr'>dei</span> <span class='ocrx_word' id='word_1_165' title='bbox 463 2168 551 2248; x_wconf 90' lang='lat' dir='ltr'>flatu,</span> <span class='ocrx_word' id='word_1_166' title='bbox 575 2187 696 2232; x_wconf 81' lang='lat' dir='ltr'>nonen</span> <span class='ocrx_word' id='word_1_167' title='bbox 724 2169 857 2233; x_wconf 89' lang='lat' dir='ltr'>materia</span> <span class='ocrx_word' id='word_1_168' title='bbox 881 2169 1120 2251; x_wconf 85' lang='lat' dir='ltr'>uindicauimus,</span> <span class='ocrx_word' id='word_1_169' title='bbox 1144 2189 1214 2234; x_wconf 92' lang='lat' dir='ltr'>mu-</span> 
     </span>
     <span class='ocr_line' id='line_1_21' title="bbox 69 2273 1265 2358; baseline 0.002 -20"><span class='ocrx_word' id='word_1_170' title='bbox 69 2275 130 2338; x_wconf 93' lang='lat' dir='ltr'>niti</span> <span class='ocrx_word' id='word_1_171' title='bbox 152 2279 185 2338; x_wconf 89' lang='lat' dir='ltr'>et</span> <span class='ocrx_word' id='word_1_172' title='bbox 207 2274 271 2337; x_wconf 91' lang='lat' dir='ltr'>illic</span> <span class='ocrx_word' id='word_1_173' title='bbox 293 2273 417 2337; x_wconf 89' lang='lat' dir='ltr'>diuinae</span> <span class='ocrx_word' id='word_1_174' title='bbox 440 2273 709 2337; x_wconf 86' lang='lat' dir='ltr'>determinationis</span> <span class='ocrx_word' id='word_1_175' title='bbox 732 2273 955 2337; x_wconf 85' lang='lat' dir='ltr'>inobscurabili</span> <span class='ocrx_word' id='word_1_176' title='bbox 978 2276 1087 2358; x_wconf 83' lang='lat' dir='ltr'>regula</span> <span class='ocrx_word' id='word_1_177' title='bbox 1108 2312 1151 2319; x_wconf 88' lang='lat'>—</span> <span class='ocrx_word' id='word_1_178' title='bbox 1179 2279 1215 2339; x_wconf 90' lang='lat' dir='ltr'>et</span> <span class='ocrx_word' id='word_1_179' title='bbox 1240 2302 1265 2340; x_wconf 65' lang='grc' dir='ltr'>ευ</span> 
     </span>
     <span class='ocr_line' id='line_1_22' title="bbox 18 2372 1214 2461; baseline 0.001 -19"><span class='ocrx_word' id='word_1_180' title='bbox 18 2405 27 2415; x_wconf 89' lang='grc'><em>·</em></span> <span class='ocrx_word' id='word_1_181' title='bbox 69 2372 201 2458; x_wconf 86' lang='lat' dir='ltr'>flauit,</span> <span class='ocrx_word' id='word_1_182' title='bbox 224 2378 335 2461; x_wconf 89' lang='lat' dir='ltr'>inquit,</span> <span class='ocrx_word' id='word_1_183' title='bbox 359 2379 449 2442; x_wconf 91' lang='lat' dir='ltr'>deus</span> <span class='ocrx_word' id='word_1_184' title='bbox 471 2378 611 2442; x_wconf 83' lang='lat' dir='ltr'>flatum</span> <span class='ocrx_word' id='word_1_185' title='bbox 635 2378 736 2441; x_wconf 89' lang='lat' dir='ltr'>uitae</span> <span class='ocrx_word' id='word_1_186' title='bbox 759 2378 796 2441; x_wconf 94' lang='lat' dir='ltr'>in</span> <span class='ocrx_word' id='word_1_187' title='bbox 819 2378 953 2441; x_wconf 84' lang='lat' dir='ltr'>faciem</span> <span class='ocrx_word' id='word_1_188' title='bbox 976 2378 1152 2459; x_wconf 77' lang='lat' dir='ltr'>hominiS,</span> <span class='ocrx_word' id='word_1_189' title='bbox 1177 2384 1214 2444; x_wconf 91' lang='lat' dir='ltr'>et</span> 
     </span>
     <span class='ocr_line' id='line_1_23' title="bbox 68 2482 1213 2564; baseline -0.001 -16"><span class='ocrx_word' id='word_1_190' title='bbox 68 2485 197 2548; x_wconf 88' lang='lat' dir='ltr'>factus</span> <span class='ocrx_word' id='word_1_191' title='bbox 221 2487 278 2547; x_wconf 90' lang='lat' dir='ltr'>est</span> <span class='ocrx_word' id='word_1_192' title='bbox 299 2484 406 2547; x_wconf 89' lang='lat' dir='ltr'>homo</span> <span class='ocrx_word' id='word_1_193' title='bbox 427 2483 464 2546; x_wconf 93' lang='lat' dir='ltr'>in</span> <span class='ocrx_word' id='word_1_194' title='bbox 485 2483 646 2546; x_wconf 90' lang='lat' dir='ltr'>animam</span> <span class='ocrx_word' id='word_1_195' title='bbox 667 2483 806 2562; x_wconf 92' lang='lat' dir='ltr'>uiuam,</span> <span class='ocrx_word' id='word_1_196' title='bbox 830 2483 938 2564; x_wconf 88' lang='lat' dir='ltr'>utique</span> <span class='ocrx_word' id='word_1_197' title='bbox 959 2502 995 2546; x_wconf 83' lang='lat' dir='ltr'>er</span> <span class='ocrx_word' id='word_1_198' title='bbox 1016 2483 1064 2547; x_wconf 89' lang='lat' dir='ltr'>dei</span> <span class='ocrx_word' id='word_1_199' title='bbox 1078 2482 1154 2548; x_wconf 86' lang='lat' dir='ltr'>flatu</span> <span class='ocrx_word' id='word_1_200' title='bbox 1169 2520 1213 2530; x_wconf 91' lang='lat'>—</span> 
     </span>
     <span class='ocr_line' id='line_1_24' title="bbox 68 2586 1213 2670; baseline 0.003 -19"><span class='ocrx_word' id='word_1_201' title='bbox 68 2588 109 2651; x_wconf 92' lang='lat' dir='ltr'>de</span> <span class='ocrx_word' id='word_1_202' title='bbox 140 2588 202 2651; x_wconf 91' lang='lat' dir='ltr'>isto</span> <span class='ocrx_word' id='word_1_203' title='bbox 232 2587 310 2651; x_wconf 93' lang='lat' dir='ltr'>nihil</span> <span class='ocrx_word' id='word_1_204' title='bbox 340 2587 475 2670; x_wconf 88' lang='lat' dir='ltr'>amplius</span> <span class='ocrx_word' id='word_1_205' title='bbox 504 2587 740 2651; x_wconf 87' lang='lat' dir='ltr'>reuoluendum.</span> <span class='ocrx_word' id='word_1_206' title='bbox 779 2586 874 2651; x_wconf 91' lang='lat' dir='ltr'>habet</span> <span class='ocrx_word' id='word_1_207' title='bbox 904 2606 997 2651; x_wconf 91' lang='lat' dir='ltr'>suum</span> <span class='ocrx_word' id='word_1_208' title='bbox 1026 2588 1153 2653; x_wconf 90' lang='lat' dir='ltr'>titulum</span> <span class='ocrx_word' id='word_1_209' title='bbox 1182 2593 1213 2654; x_wconf 90' lang='lat' dir='ltr'>et</span> 
     </span>
     <span class='ocr_line' id='line_1_25' title="bbox 67 2691 999 2757; baseline -0.001 0"><span class='ocrx_word' id='word_1_210' title='bbox 67 2711 167 2757; x_wconf 89' lang='lat' dir='ltr'>snum</span> <span class='ocrx_word' id='word_1_211' title='bbox 189 2692 391 2756; x_wconf 87' lang='lat' dir='ltr'>haereticum.</span> <span class='ocrx_word' id='word_1_212' title='bbox 431 2692 541 2755; x_wconf 91' lang='lat' dir='ltr'>ceteris</span> <span class='ocrx_word' id='word_1_213' title='bbox 564 2691 639 2755; x_wconf 89' lang='lat' dir='ltr'>hinc</span> <span class='ocrx_word' id='word_1_214' title='bbox 663 2691 820 2755; x_wconf 82' lang='lat' dir='ltr'>exordium</span> <span class='ocrx_word' id='word_1_215' title='bbox 843 2691 999 2756; x_wconf 89' lang='lat' dir='ltr'>inducam.</span> 
     </span>
    </p>

    <p class='ocr_par' dir='ltr' id='par_1_3' title="bbox 67 2795 1266 3511">
     <span class='ocr_line' id='line_1_26' title="bbox 114 2795 1266 2880; baseline 0.003 -21"><span class='ocrx_word' id='word_1_216' title='bbox 114 2795 146 2860; x_wconf 84' lang='lat'>4.</span> <span class='ocrx_word' id='word_1_217' title='bbox 163 2796 239 2860; x_wconf 90' lang='lat' dir='ltr'>Post</span> <span class='ocrx_word' id='word_1_218' title='bbox 263 2796 475 2862; x_wconf 91' lang='lat' dir='ltr'>definitionem</span> <span class='ocrx_word' id='word_1_219' title='bbox 497 2814 609 2860; x_wconf 90' lang='lat' dir='ltr'>census</span> <span class='ocrx_word' id='word_1_220' title='bbox 629 2796 845 2878; x_wconf 88' lang='lat' dir='ltr'>quaestionem</span> <span class='ocrx_word' id='word_1_221' title='bbox 861 2800 963 2861; x_wconf 91' lang='lat' dir='ltr'>status</span> <span class='ocrx_word' id='word_1_222' title='bbox 978 2797 1104 2880; x_wconf 87' lang='lat' dir='ltr'>patitur.</span> <span class='ocrx_word' id='word_1_223' title='bbox 1140 2816 1214 2862; x_wconf 92' lang='lat' dir='ltr'>con·</span> <span class='ocrx_word' id='word_1_224' title='bbox 1240 2823 1266 2863; x_wconf 81' lang='lat'>25</span> 
     </span>
     <span class='ocr_line' id='line_1_27' title="bbox 68 2900 1214 2984; baseline 0.001 -18"><span class='ocrx_word' id='word_1_225' title='bbox 68 2919 208 2982; x_wconf 89' lang='lat' dir='ltr'>sequens</span> <span class='ocrx_word' id='word_1_226' title='bbox 241 2900 325 2965; x_wconf 89' lang='lat' dir='ltr'>enirn</span> <span class='ocrx_word' id='word_1_227' title='bbox 356 2905 404 2965; x_wconf 92' lang='lat' dir='ltr'>est</span> <span class='ocrx_word' id='word_1_228' title='bbox 432 2904 467 2964; x_wconf 93' lang='lat' dir='ltr'>ut</span> <span class='ocrx_word' id='word_1_229' title='bbox 489 2920 525 2964; x_wconf 83' lang='lat' dir='ltr'>ex</span> <span class='ocrx_word' id='word_1_230' title='bbox 549 2900 598 2965; x_wconf 90' lang='lat' dir='ltr'>dei</span> <span class='ocrx_word' id='word_1_231' title='bbox 619 2900 696 2965; x_wconf 91' lang='lat' dir='ltr'>fiatu</span> <span class='ocrx_word' id='word_1_232' title='bbox 719 2900 857 2964; x_wconf 89' lang='lat' dir='ltr'>animam</span> <span class='ocrx_word' id='word_1_233' title='bbox 879 2902 1014 2984; x_wconf 84' lang='lat' dir='ltr'>professi</span> <span class='ocrx_word' id='word_1_234' title='bbox 1035 2902 1161 2966; x_wconf 92' lang='lat' dir='ltr'>initium</span> <span class='ocrx_word' id='word_1_235' title='bbox 1186 2903 1214 2967; x_wconf 95' lang='lat' dir='ltr'>ei</span> 
     </span>
     <span class='ocr_line' id='line_1_28' title="bbox 67 3006 1214 3089; baseline 0.002 -19"><span class='ocrx_word' id='word_1_236' title='bbox 67 3008 271 3089; x_wconf 89' lang='lat' dir='ltr'>deputemus.</span> <span class='ocrx_word' id='word_1_237' title='bbox 316 3007 374 3070; x_wconf 91' lang='lat' dir='ltr'>hoc</span> <span class='ocrx_word' id='word_1_238' title='bbox 396 3006 487 3070; x_wconf 88' lang='lat' dir='ltr'>Plato</span> <span class='ocrx_word' id='word_1_239' title='bbox 519 3006 653 3070; x_wconf 71' lang='lat' dir='ltr'>excludit</span> <span class='ocrx_word' id='word_1_240' title='bbox 681 3006 822 3069; x_wconf 91' lang='lat' dir='ltr'>innatam</span> <span class='ocrx_word' id='word_1_241' title='bbox 850 3009 881 3070; x_wconf 92' lang='lat' dir='ltr'>et</span> <span class='ocrx_word' id='word_1_242' title='bbox 903 3006 1052 3070; x_wconf 87' lang='lat' dir='ltr'>infectam</span> <span class='ocrx_word' id='word_1_243' title='bbox 1076 3009 1214 3072; x_wconf 92' lang='lat' dir='ltr'>animam</span> 
     </span>
     <span class='ocr_line' id='line_1_29' title="bbox 68 3111 1214 3176; baseline 0.003 -2"><span class='ocrx_word' id='word_1_244' title='bbox 68 3111 193 3175; x_wconf 88' lang='lat' dir='ltr'>uolens.</span> <span class='ocrx_word' id='word_1_245' title='bbox 240 3113 271 3174; x_wconf 90' lang='lat' dir='ltr'>et</span> <span class='ocrx_word' id='word_1_246' title='bbox 301 3114 408 3174; x_wconf 89' lang='lat' dir='ltr'>natam</span> <span class='ocrx_word' id='word_1_247' title='bbox 440 3114 545 3174; x_wconf 89' lang='lat' dir='ltr'>autem</span> <span class='ocrx_word' id='word_1_248' title='bbox 576 3111 723 3175; x_wconf 90' lang='lat' dir='ltr'>docemus</span> <span class='ocrx_word' id='word_1_249' title='bbox 747 3111 916 3174; x_wconf 78' lang='lat' dir='ltr'>attactam</span> <span class='ocrx_word' id='word_1_250' title='bbox 940 3130 975 3174; x_wconf 84' lang='lat' dir='ltr'>ex</span> <span class='ocrx_word' id='word_1_251' title='bbox 998 3112 1077 3176; x_wconf 91' lang='lat' dir='ltr'>initii</span> <span class='ocrx_word' id='word_1_252' title='bbox 1099 3113 1214 3176; x_wconf 90' lang='lat' dir='ltr'>consti-</span> 
     </span>
     <span class='ocr_line' id='line_1_30' title="bbox 68 3214 1213 3299; baseline 0.002 -20"><span class='ocrx_word' id='word_1_253' title='bbox 68 3214 204 3280; x_wconf 90' lang='lat' dir='ltr'>tutione.</span> <span class='ocrx_word' id='word_1_254' title='bbox 249 3233 307 3278; x_wconf 89' lang='lat' dir='ltr'>nec</span> <span class='ocrx_word' id='word_1_255' title='bbox 338 3218 456 3278; x_wconf 87' lang='lat' dir='ltr'>statum</span> <span class='ocrx_word' id='word_1_256' title='bbox 489 3215 661 3279; x_wconf 84' lang='lat' dir='ltr'>errauirnus</span> <span class='ocrx_word' id='word_1_257' title='bbox 684 3218 851 3296; x_wconf 88' lang='lat' dir='ltr'>utrumque</span> <span class='ocrx_word' id='word_1_258' title='bbox 874 3215 1027 3297; x_wconf 85' lang='lat' dir='ltr'>dicentes,</span> <span class='ocrx_word' id='word_1_259' title='bbox 1058 3218 1131 3299; x_wconf 91' lang='lat' dir='ltr'>quia</span> <span class='ocrx_word' id='word_1_260' title='bbox 1154 3218 1213 3281; x_wconf 91' lang='lat' dir='ltr'>sci-</span> 
     </span>
     <span class='ocr_line' id='line_1_31' title="bbox 68 3318 1265 3404; baseline 0.002 -20"><span class='ocrx_word' id='word_1_261' title='bbox 68 3320 148 3384; x_wconf 87' lang='lat' dir='ltr'>licet</span> <span class='ocrx_word' id='word_1_262' title='bbox 177 3318 261 3383; x_wconf 90' lang='lat' dir='ltr'>aliud</span> <span class='ocrx_word' id='word_1_263' title='bbox 291 3319 331 3383; x_wconf 86' lang='lat' dir='ltr'>sit</span> <span class='ocrx_word' id='word_1_264' title='bbox 362 3322 486 3399; x_wconf 89' lang='lat' dir='ltr'>natum,</span> <span class='ocrx_word' id='word_1_265' title='bbox 518 3319 603 3383; x_wconf 88' lang='lat' dir='ltr'>aliud</span> <span class='ocrx_word' id='word_1_266' title='bbox 630 3319 762 3400; x_wconf 89' lang='lat' dir='ltr'>factum,</span> <span class='ocrx_word' id='word_1_267' title='bbox 793 3324 900 3404; x_wconf 91' lang='lat' dir='ltr'>utpote</span> <span class='ocrx_word' id='word_1_268' title='bbox 923 3321 1000 3385; x_wconf 89' lang='lat' dir='ltr'>illud</span> <span class='ocrx_word' id='word_1_269' title='bbox 1025 3322 1212 3386; x_wconf 85' lang='lat' dir='ltr'>animalibus</span> <span class='ocrx_word' id='word_1_270' title='bbox 1239 3348 1265 3386; x_wconf 80' lang='lat' dir='ltr'>no</span> 
     </span>
     <span class='ocr_line' id='line_1_32' title="bbox 68 3422 1212 3511; baseline 0.004 -25"><span class='ocrx_word' id='word_1_271' title='bbox 68 3425 264 3505; x_wconf 90' lang='lat' dir='ltr'>competens.</span> <span class='ocrx_word' id='word_1_272' title='bbox 311 3422 503 3488; x_wconf 86' lang='lat' dir='ltr'>differentiae</span> <span class='ocrx_word' id='word_1_273' title='bbox 533 3427 639 3488; x_wconf 89' lang='lat' dir='ltr'>autem</span> <span class='ocrx_word' id='word_1_274' title='bbox 671 3443 727 3489; x_wconf 91' lang='lat' dir='ltr'>sua</span> <span class='ocrx_word' id='word_1_275' title='bbox 756 3424 899 3490; x_wconf 91' lang='lat' dir='ltr'>habendo</span> <span class='ocrx_word' id='word_1_276' title='bbox 927 3427 995 3490; x_wconf 90' lang='lat' dir='ltr'>loca</span> <span class='ocrx_word' id='word_1_277' title='bbox 1018 3431 1049 3490; x_wconf 92' lang='lat' dir='ltr'>et</span> <span class='ocrx_word' id='word_1_278' title='bbox 1072 3431 1212 3511; x_wconf 89' lang='lat' dir='ltr'>tempora</span> 
     </span>
    </p>
   </div>
   <div class='ocr_carea' id='block_1_3' title="bbox 176 3577 1212 3650">
    <p class='ocr_par' dir='ltr' id='par_1_4' title="bbox 176 3577 1212 3650">
     <span class='ocr_line' id='line_1_33' title="bbox 176 3577 1212 3650; baseline 0.006 -19"><span class='ocrx_word' id='word_1_279' title='bbox 176 3577 206 3647; x_wconf 87' lang='lat'>3]</span> <span class='ocrx_word' id='word_1_280' title='bbox 225 3577 258 3632; x_wconf 82' lang='lat' dir='ltr'>cf.</span> <span class='ocrx_word' id='word_1_281' title='bbox 277 3577 321 3632; x_wconf 85' lang='lat' dir='ltr'>Es.</span> <span class='ocrx_word' id='word_1_282' title='bbox 336 3580 359 3643; x_wconf 91' lang='lat' dir='ltr'>l,</span> <span class='ocrx_word' id='word_1_283' title='bbox 371 3581 413 3633; x_wconf 85' lang='grc'>22.</span> <span class='ocrx_word' id='word_1_284' title='bbox 478 3579 524 3647; x_wconf 89' lang='grc'>20]</span> <span class='ocrx_word' id='word_1_285' title='bbox 545 3577 610 3634; x_wconf 86' lang='lat' dir='ltr'>Gen.</span> <span class='ocrx_word' id='word_1_286' title='bbox 629 3583 654 3644; x_wconf 92' lang='grc'>2,</span> <span class='ocrx_word' id='word_1_287' title='bbox 667 3581 691 3634; x_wconf 79' lang='grc'>7.</span> <span class='ocrx_word' id='word_1_288' title='bbox 754 3580 800 3649; x_wconf 88' lang='grc'>27]</span> <span class='ocrx_word' id='word_1_289' title='bbox 819 3579 853 3634; x_wconf 83' lang='lat' dir='ltr'>cf.</span> <span class='ocrx_word' id='word_1_290' title='bbox 866 3580 936 3635; x_wconf 89' lang='lat' dir='ltr'>Plat.</span> <span class='ocrx_word' id='word_1_291' title='bbox 949 3580 1063 3635; x_wconf 89' lang='lat' dir='ltr'>Phaedr.</span> <span class='ocrx_word' id='word_1_292' title='bbox 1076 3598 1101 3650; x_wconf 93' lang='lat' dir='ltr'>p.</span> <span class='ocrx_word' id='word_1_293' title='bbox 1115 3583 1165 3636; x_wconf 86' lang='grc'>245</span> <span class='ocrx_word' id='word_1_294' title='bbox 1178 3582 1212 3638; x_wconf 90' lang='grc' dir='ltr'>Ι).</span> 
     </span>
    </p>
   </div>
   <div class='ocr_carea' id='block_1_4' title="bbox 69 3717 1213 4045">
    <p class='ocr_par' dir='ltr' id='par_1_5' title="bbox 69 3717 1213 4045">
     <span class='ocr_line' id='line_1_34' title="bbox 118 3717 1212 3790; baseline 0.004 -18"><span class='ocrx_word' id='word_1_295' title='bbox 118 3720 132 3772; x_wconf 90' lang='grc'>1</span> <span class='ocrx_word' id='word_1_296' title='bbox 146 3717 384 3786; x_wconf 86' lang='lat' dir='ltr'>praemonitorium</span> <span class='ocrx_word' id='word_1_297' title='bbox 399 3717 462 3772; x_wconf 79' lang='lat' dir='ltr'>Get:</span> <span class='ocrx_word' id='word_1_298' title='bbox 474 3719 701 3786; x_wconf 86' lang='lat' dir='ltr'>praemonitorum</span> <span class='ocrx_word' id='word_1_299' title='bbox 715 3721 743 3774; x_wconf 92' lang='grc' dir='ltr'><strong>Β</strong></span> <span class='ocrx_word' id='word_1_300' title='bbox 786 3723 803 3774; x_wconf 92' lang='grc'>2</span> <span class='ocrx_word' id='word_1_301' title='bbox 817 3719 926 3789; x_wconf 86' lang='lat' dir='ltr'>perinde</span> <span class='ocrx_word' id='word_1_302' title='bbox 938 3723 1050 3790; x_wconf 64' lang='lat' dir='ltr'>seipsi:</span> <span class='ocrx_word' id='word_1_303' title='bbox 1061 3721 1172 3790; x_wconf 90' lang='lat' dir='ltr'>proinde</span> <span class='ocrx_word' id='word_1_304' title='bbox 1185 3723 1212 3776; x_wconf 98' lang='grc' dir='ltr'>Β</span> 
     </span>
     <span class='ocr_line' id='line_1_35' title="bbox 70 3803 1213 3876; baseline 0.005 -19"><span class='ocrx_word' id='word_1_305' title='bbox 70 3804 110 3872; x_wconf 87' lang='lat' dir='ltr'>ct]</span> <span class='ocrx_word' id='word_1_306' title='bbox 130 3804 153 3856; x_wconf 94' lang='lat' dir='ltr'>it</span> <span class='ocrx_word' id='word_1_307' title='bbox 170 3805 314 3859; x_wconf 68' lang='lat' dir='ltr'>Heraclius</span> <span class='ocrx_word' id='word_1_308' title='bbox 361 3807 377 3858; x_wconf 89' lang='lat'>6</span> <span class='ocrx_word' id='word_1_309' title='bbox 395 3803 502 3858; x_wconf 89' lang='lat' dir='ltr'>aliunde</span> <span class='ocrx_word' id='word_1_310' title='bbox 521 3805 624 3858; x_wconf 89' lang='lat' dir='ltr'>ducunt</span> <span class='ocrx_word' id='word_1_311' title='bbox 638 3807 701 3861; x_wconf 83' lang='lat' dir='ltr'>Get:</span> <span class='ocrx_word' id='word_1_312' title='bbox 719 3806 801 3860; x_wconf 90' lang='lat' dir='ltr'>alium</span> <span class='ocrx_word' id='word_1_313' title='bbox 815 3807 950 3861; x_wconf 90' lang='lat' dir='ltr'>deducunt</span> <span class='ocrx_word' id='word_1_314' title='bbox 962 3809 989 3862; x_wconf 94' lang='grc' dir='ltr'>Β</span> <span class='ocrx_word' id='word_1_315' title='bbox 1037 3809 1141 3876; x_wconf 78' lang='lat' dir='ltr'>lrigor</span> <span class='ocrx_word' id='word_1_316' title='bbox 1156 3811 1213 3863; x_wconf 77' lang='lat' dir='ltr'>Iun</span> 
     </span>
     <span class='ocr_line' id='line_1_36' title="bbox 71 3891 1212 3959; baseline 0.003 -12"><span class='ocrx_word' id='word_1_317' title='bbox 71 3894 103 3947; x_wconf 90' lang='lat' dir='ltr'>ll</span> <span class='ocrx_word' id='word_1_318' title='bbox 117 3891 247 3959; x_wconf 85' lang='lat' dir='ltr'>sophistas</span> <span class='ocrx_word' id='word_1_319' title='bbox 262 3893 313 3946; x_wconf 82' lang='lat' dir='ltr'>Ura</span> <span class='ocrx_word' id='word_1_320' title='bbox 354 3892 636 3956; x_wconf 63' lang='lat' dir='ltr'>muscetanum</span> <span class='ocrx_word' id='word_1_321' title='bbox 681 3896 712 3948; x_wconf 87' lang='lat'>19</span> <span class='ocrx_word' id='word_1_322' title='bbox 722 3893 917 3948; x_wconf 88' lang='lat' dir='ltr'>uindicauimus</span> <span class='ocrx_word' id='word_1_323' title='bbox 927 3895 1212 3950; x_wconf 76' lang='lat' dir='ltr'>Iua:uindicamusB</span> 
     </span>
     <span class='ocr_line' id='line_1_37' title="bbox 69 3977 1212 4045; baseline 0.001 -11"><span class='ocrx_word' id='word_1_324' title='bbox 69 3982 105 4034; x_wconf 88' lang='grc'>25</span> <span class='ocrx_word' id='word_1_325' title='bbox 121 3978 168 4030; x_wconf 82' lang='lat' dir='ltr'>DE</span> <span class='ocrx_word' id='word_1_326' title='bbox 182 3977 329 4031; x_wconf 78' lang='lat' dir='ltr'>INNATA.</span> <span class='ocrx_word' id='word_1_327' title='bbox 344 3979 380 4045; x_wconf 89' lang='lat' dir='ltr'>B,</span> <span class='ocrx_word' id='word_1_328' title='bbox 395 3978 442 4031; x_wconf 85' lang='lat' dir='ltr'>DE</span> <span class='ocrx_word' id='word_1_329' title='bbox 458 3978 679 4032; x_wconf 80' lang='lat' dir='ltr'>SVBSTANTIA</span> <span class='ocrx_word' id='word_1_330' title='bbox 693 3980 835 4034; x_wconf 81' lang='lat' dir='ltr'>ANIMAE</span> <span class='ocrx_word' id='word_1_331' title='bbox 852 3981 897 4034; x_wconf 89' lang='grc' dir='ltr'>ΕΤ</span> <span class='ocrx_word' id='word_1_332' title='bbox 916 3981 966 4034; x_wconf 76' lang='lat' dir='ltr'>AN</span> <span class='ocrx_word' id='word_1_333' title='bbox 988 3980 1212 4037; x_wconf 81' lang='lat' dir='ltr'><strong>CORPORALIS</strong></span> 
     </span>
    </p>
   </div>
   <div class='ocr_carea' id='block_1_5' title="bbox 72 4064 1212 4138">
    <p class='ocr_par' dir='ltr' id='par_1_6' title="bbox 72 4064 1212 4138">
     <span class='ocr_line' id='line_1_38' title="bbox 72 4064 1212 4138; baseline 0.004 -17"><span class='ocrx_word' id='word_1_334' title='bbox 72 4067 125 4121; x_wconf 85' lang='lat' dir='ltr'>Gel</span> <span class='ocrx_word' id='word_1_335' title='bbox 177 4068 210 4120; x_wconf 87' lang='grc'>27</span> <span class='ocrx_word' id='word_1_336' title='bbox 230 4064 386 4133; x_wconf 85' lang='lat' dir='ltr'>deputemus</span> <span class='ocrx_word' id='word_1_337' title='bbox 408 4067 472 4120; x_wconf 75' lang='lat' dir='ltr'>lira:</span> <span class='ocrx_word' id='word_1_338' title='bbox 490 4065 677 4135; x_wconf 87' lang='lat' dir='ltr'>deputaremus</span> <span class='ocrx_word' id='word_1_339' title='bbox 695 4069 723 4121; x_wconf 92' lang='lat' dir='ltr'><em>B</em></span> <span class='ocrx_word' id='word_1_340' title='bbox 775 4071 809 4123; x_wconf 76' lang='lat'>29</span> <span class='ocrx_word' id='word_1_341' title='bbox 827 4072 928 4121; x_wconf 88' lang='lat' dir='ltr'>statum</span> <span class='ocrx_word' id='word_1_342' title='bbox 945 4071 1056 4138; x_wconf 66' lang='lat' dir='ltr'>sampsi:</span> <span class='ocrx_word' id='word_1_343' title='bbox 1074 4070 1165 4122; x_wconf 88' lang='lat' dir='ltr'>statim</span> <span class='ocrx_word' id='word_1_344' title='bbox 1185 4072 1212 4125; x_wconf 96' lang='grc' dir='ltr'>Β</span> 
     </span>
    </p>
   </div>
   <div class='ocr_carea' id='block_1_6' title="bbox 0 0 1414 4914">
    <p class='ocr_par' dir='ltr' id='par_1_7' title="bbox 0 0 1414 4914">
     <span class='ocr_line' id='line_1_39' title="bbox 0 0 1414 4914; baseline 0 0"><span class='ocrx_word' id='word_1_345' title='bbox 0 0 1414 4914; x_wconf 95' lang='lat' dir='ltr'> </span> 
     </span>
    </p>
   </div>
  </div>
 </body>
</html>
