2820 4914
501 392 533 445 X.
552 392 597 445 De
616 391 722 445 anima
739 394 849 448 31-32.
916 400 926 470 <⁹
1184 394 1249 460 353

103 571 175 634 siue
207 571 291 632 enim
320 569 404 652 ignis
435 568 541 632 anima
570 568 637 632 siue
669 586 749 649 aqua
779 568 846 632 siue
876 568 1004 652 sanguis
1031 569 1098 633 siue
1122 570 1248 652 spiritus

105 675 175 739 siue
205 693 260 738 aer
291 673 358 737 siue
388 674 511 754 lumen,
542 674 712 756 recogitare
742 672 893 738 debemus
925 673 1081 738 contraria
1109 692 1249 756 quaeque

104 780 241 862 singulis
272 778 436 861 speciebus
466 777 627 842 animalia:
657 778 722 860 igni
745 778 871 860 quidem
894 796 931 841 ea
953 797 1032 860 quae
1054 778 1167 862 rigent,
1198 797 1249 843 co-

103 885 215 947 lubros
246 884 406 947 stelliones
437 882 661 963 salamandras,
694 882 790 946 etiam
819 901 1020 965 quaecunque
1054 884 1093 947 de
1126 885 1249 948 aemulo

103 989 319 1071 producentur
342 988 508 1068 elemento,
531 987 569 1050 de
589 1005 669 1069 aqua
684 987 816 1052 scilicet:
839 987 967 1071 perinde
982 988 1137 1052 contraria
1152 1006 1250 1070 aquae
1289 1013 1303 1053 a

104 1094 162 1157 illa
193 1111 274 1174 quae
305 1092 393 1156 arida
423 1095 455 1155 et
485 1092 628 1167 exucida3
659 1091 791 1174 denique
822 1092 1014 1156 siccitatibus
1040 1093 1181 1176 gaudent
1201 1094 1250 1156 lu-

105 1202 217 1262 custae
251 1196 456 1280 papiliunculi
492 1197 755 1260 chamaeleontes:
797 1197 873 1260 item
912 1197 1067 1261 contraria
1105 1196 1251 1280 sanguini

106 1322 190 1385 quae
224 1306 332 1366 carent
364 1320 502 1385 purpura
533 1302 613 1382 eius,
648 1300 791 1364 cochleas
822 1301 1010 1366 nermiculos
1041 1305 1073 1365 00
1101 1303 1251 1365 maiorem

104 1409 242 1491 piscium
273 1426 418 1471 censum:
450 1406 572 1490 spiritui
602 1424 675 1470 uero
699 1406 855 1469 contraria
876 1423 954 1487 quac
978 1405 1096 1488 spirare
1118 1425 1181 1470 non
1203 1405 1251 1469 ui-

106 1514 234 1592 dentur,
257 1512 395 1576 carentia
414 1511 616 1595 pulmonibus
638 1514 669 1575 et
691 1510 820 1591 arteriis,
843 1510 958 1574 culices
981 1511 1127 1575 formicas
1151 1512 1251 1575 tineas
1280 1538 1304 1576 ιο

107 1622 139 1682 00
162 1617 223 1681 hoc
246 1635 345 1699 genus
369 1616 547 1691 00000011ος
570 1616 646 1680 item
669 1615 732 1679 aeri
755 1616 920 1697 contraria,
943 1633 1022 1698 quae
1038 1634 1161 1698 semper
1177 1615 1251 1680 sub-

107 1727 290 1787 terraneum
321 1725 352 1786 et
383 1721 619 1802 subaquaneum
649 1721 788 1785 uiuentia
818 1723 926 1784 carent
951 1720 1064 1785 haustu
1088 1720 1169 1796 eins;
1201 1739 1251 1785 res

107 1829 212 1910 magis
237 1847 330 1910 quam
353 1827 482 1891 nomina
504 1827 641 1891 noueris:
665 1826 742 1890 item
766 1826 921 1890 contraria
936 1825 1048 1890 lumini
1064 1844 1143 1908 quae
1159 1844 1252 1890 caeca

107 1935 140 1998 in
164 1936 266 1996 totum
289 1933 341 1995 uel
364 1933 437 1996 solis
461 1931 599 1996 tenebris
622 1930 741 1995 habent
764 1931 880 2012 oculos,
903 1932 1004 2012 talpas
1027 1931 1250 2014 uesperugines

107 2041 249 2102 noctuas.
295 2036 373 2100 haec
402 2039 439 2099 00
468 2055 505 2101 ex
535 2034 757 2118 apparentibus
792 2038 823 2098 et
857 2035 1032 2099 manifestis
1067 2033 1250 2100 substantiis
1279 2058 1304 2098 15

107 2130 248 2207 doceam.
294 2143 433 2204 ceterum
463 2141 490 2204 si
521 2144 553 2204 et
582 2144 702 2204 atomos
725 2139 849 2223 Epicuri
879 2143 1020 2204 tenorem
1050 2142 1082 2204 00
1104 2159 1251 2205 numeros

106 2246 305 2330 Pythagorae
328 2244 467 2308 uiderem
491 2248 522 2308 et
544 2245 630 2308 ideas
645 2244 786 2310 Platonis
807 2244 998 2309 offenderem
1014 2248 1046 2308 et
1061 2244 1250 2309 entelechias
1352 2295 1354 2299 .

106 2351 289 2415 Aristotelis
321 2368 519 2433 occuparem,
554 2348 730 2413 inuenirem
759 2349 822 2413 fors
853 2349 901 2412 his
932 2366 1054 2431 quoque
1088 2348 1250 2433 speciebus

108 2455 259 2521 animalia
275 2473 354 2537 quae
372 2454 497 2518 nomine
513 2454 742 2519 contrarietatis
758 2471 955 2536 opponerem.
989 2453 1141 2518 contendo
1157 2453 1250 2534 enim,

108 2580 144 2625 ox
169 2578 355 2642 quacunque
376 2559 553 2623 substantia
568 2577 662 2642 supra
678 2559 761 2622 dicta
775 2558 968 2623 constitisset
981 2557 1120 2623 humana
1136 2558 1250 2639 anima,
1277 2580 1303 2619 ro

107 2683 172 2729 non
195 2666 335 2746 potuisse
359 2683 429 2728 eam
451 2664 484 2727 in
507 2666 574 2728 tam
597 2664 752 2728 contraria
774 2663 942 2745 unicnique
966 2662 1160 2727 substantiae
1184 2663 1251 2726 ani-

108 2769 207 2834 malia
236 2769 400 2833 reformari
429 2770 460 2832 00
489 2786 619 2832 censum
650 2768 693 2832 eis
725 2768 762 2831 de
792 2786 849 2831 sua
871 2767 1075 2832 translatione
1099 2766 1250 2848 conferre,

108 2894 128 2938 a
157 2874 271 2955 quibus
303 2873 423 2937 excludi
452 2892 489 2936 ac
517 2874 623 2955 respui
651 2873 753 2956 magis
783 2871 914 2936 haberet
943 2890 1037 2955 quam
1065 2873 1189 2936 admitti
1219 2875 1251 2936 00

108 2980 180 3062 capi
202 2979 329 3042 nomine
345 2979 436 3041 huius
451 2978 571 3059 primae
587 2977 825 3058 contrarietatis
849 2995 927 3058 quae
944 2976 1133 3041 substantiui
1149 2979 1250 3041 status

108 3084 326 3148 diuersitatem
350 3082 529 3163 committit,
552 3085 627 3146 tunc
651 3085 682 3146 et
703 3082 841 3163 reliquae
863 3101 918 3165 per
941 3085 1185 3164 consequentem
1201 3100 1250 3146 or·
1276 3105 1302 3146 aa

58 3190 96 3250 04
110 3189 217 3251 dinem
238 3185 242 3272 1
262 3188 411 3268 cuiusque
435 3189 574 3251 naturae.
621 3205 695 3250 nam
719 3190 750 3250 et
773 3187 862 3250 sedes
885 3186 962 3250 alias
985 3186 1125 3251 humana
1146 3187 1251 3250 anima

108 3293 222 3360 sortita
245 3294 293 3357 est
317 3295 347 3356 et
369 3293 469 3356 uictus
493 3294 525 3356 00
547 3291 719 3356 instructus
743 3295 775 3355 00
796 3310 907 3355 000000
931 3293 962 3355 00
985 3291 1117 3356 affectus
1131 3295 1164 3355 et
1178 3309 1251 3355 000-

108 3399 236 3463 cubitus
264 3400 296 3461 00
320 3397 418 3472 fetus;
441 3397 519 3460 item
545 3396 681 3480 ingenia,
703 3399 773 3460 tum
798 3413 892 3478 opera
913 3396 1028 3479 gaudia
1049 3397 1153 3460 taedia
1174 3396 1252 3460 uitia

108 3502 272 3586 cupidines
295 3501 472 3584 uoluptates
495 3501 689 3565 ualetudines
722 3501 903 3581 medicinas,
933 3519 1006 3566 suos
1035 3504 1192 3583 postremo
1219 3503 1252 3564 00

108 3610 195 3672 01000
217 3606 325 3672 modos
349 3608 381 3670 et
404 3606 504 3670 esitus
526 3605 646 3669 mortis.
682 3606 836 3686 quomodo
859 3605 955 3689 igitur
977 3605 1030 3669 illa
1050 3607 1156 3675 anima
1170 3622 1250 3687 quae
1276 3629 1303 3669 00

107 3712 202 3778 terris
224 3711 417 3792 inhaerebat,
440 3711 557 3774 nullius
580 3709 797 3790 sublimitatiS,
824 3711 939 3774 nullius
960 3709 1179 3793 profunditatis
1202 3709 1250 3774 in-

107 3816 246 3900 trepida,
277 3833 407 3880 ascensu
438 3816 533 3880 etiam
562 3814 718 3879 scalarum
747 3814 927 3899 fatigahihs,
959 3814 1125 3879 submersu
1155 3816 1250 3878 etiam

155 4009 172 4062 3
195 4005 302 4076 quidem
325 4024 375 4063 om.
393 4007 420 4060 A
490 4004 653 4077 ddapmulo
676 4006 703 4058 A
773 4007 789 4060 5
812 4020 895 4074 aquae
917 4006 987 4060 Iura:
1010 4006 1089 4073 atquc
1107 4004 1171 4072 AB,
1192 4004 1250 4074 Gal,

107 4095 272 4163 utiqueRa'p
324 4092 447 4149 bouada*
461 4094 488 4147 A
540 4091 697 4160 exucidaB,
715 4092 839 4146 exsucina
856 4093 884 4147 A
938 4091 1250 4160 1001000<0000>Ηο0-

108 4183 191 4238 taliae
237 4179 400 4236 8000100οΑ
449 4181 822 4249 llsemperlper>Hartelius
870 4182 902 4235 13
912 4178 1033 4232 nouerim
1043 4180 1115 4248 Bmp
1161 4178 1250 4233 1007οΑ

108 4271 221 4323 contraa
237 4268 265 4322 A
283 4286 351 4324 corr.
407 4271 438 4322 15
456 4266 616 4322 substanciis
633 4267 661 4321 A
715 4268 746 4322 17
765 4269 908 4336 pytagorae
926 4268 1033 4322 Aeorr.
1087 4267 1120 4321 21
1139 4281 1198 4319 earn
1214 4267 1251 4335 B,

108 4359 166 4411 iam
184 4358 284 4426 ABmp
336 4358 370 4412 24
387 4356 472 4425 prime
490 4357 518 4409 A
571 4358 605 4411 32
623 4354 870 4408 scalarum-etiam
889 4372 939 4409 om.
957 4354 985 4408 A

164 4451 207 4492 XX.
221 4451 309 4492 Tertl.
1060 4444 1094 4492 23
