2820 4914
191 388 250 451 108
419 387 533 454 Quinti
552 388 690 456 Septimi
709 388 878 442 Florentis
897 387 1098 442 Tertulliani

187 563 487 648 1991999911191111919
510 566 677 628 frustratae
701 566 804 629 dolore
832 568 987 628 castratus
1016 568 1084 629 est?
1130 584 1184 630 cur
1206 565 1328 630 Hercu-r

185 670 279 753 laum
314 667 503 753 9911199199]
537 671 684 733 mulieres
718 670 900 733 Lanuuinae
933 688 996 734 non
1029 672 1170 752 gustant,
1206 671 1232 733 si
1261 687 1310 733 non
1360 710 1367 716 -

187 773 682 859 9991199999999999]1199919111
711 773 714 858 1
742 775 937 838 999991199199
953 792 1027 838 9999
1043 776 1164 856 poetae,
1188 775 1242 837 sed
1262 792 1313 838 nou

187 879 266 959 ideo,
290 878 371 960 quod
395 879 471 942 talia
493 879 845 965 digesserint,dcdeis„
866 879 1033 964 1199991999
1056 880 1181 961 qnando
1204 880 1315 959 fuerint,

149 1010 161 1047 5
187 1002 245 1046 nec
266 983 346 1065 quod
367 984 489 1047 diuinas
510 985 730 1067 adscripserint
750 985 931 1069 foeditates,
950 982 954 1068 1
975 984 1159 1064 diuinitatis,
1189 1002 1260 1047 curn
1276 985 1318 1048 19-

188 1089 277 1152 terim
298 1087 388 1151 uobis
409 1088 586 1152 credibilius
607 1090 709 1152 uisum
734 1092 781 1152 est
804 1090 877 1152 deos
900 1089 1015 1173 fuisse,
1040 1085 1127 1174 99911
1152 1107 1215 1153 non
1238 1089 1319 1168 tales,

188 1211 281 1274 quam
305 1194 393 1273 tales,
418 1194 472 1256 sed
496 1211 557 1257 non
581 1194 664 1257 deos.

231 1295 260 1360 S.
300 1296 446 1380 Superest
475 1298 591 1381 gentile
621 1298 699 1361 illud
728 1317 847 1382 genus,
879 1302 884 1379 1
918 1299 1001 1362 19199
1029 1298 1160 1381 populos
1189 1297 1323 1377 deorum,

187 1420 264 1483 quos
280 1401 407 1465 libidine
423 1406 574 1486 sumptos,
598 1421 660 1467 non
675 1422 730 1484 pro
746 1404 874 1488 notitia,
893 1400 897 1487 1
917 1387 1070 1482 ueritatis,
1094 1403 1184 1466 docet
1204 1402 1324 1485 priuata

136 1533 161 1572 ιο
186 1506 306 1571 9911119.
353 1507 446 1570 deum
470 1526 526 1590 ego
550 1509 692 1573 existimo
716 1507 838 1593 ubiq,uc
861 1511 988 1592 notum„
1012 1505 1020 1593 11
1043 1507 1157 1588 ubique
1181 1525 1325 1590 praesen-

187 1613 262 1690 tem,
286 1611 400 1693 ultique
423 1612 647 1693 dominantem,
678 1613 823 1676 omuibus
846 1613 1021 1692 colendum,
1053 1611 1198 1675 omnibus
1223 1612 1325 1675 deme·

186 1713 336 1797 renldum.
382 1719 415 1780 91
443 1718 525 1779 enirn
549 1735 619 1781 eum
643 1718 688 1780 illi
711 1734 843 1798 quoque,
874 1734 950 1798 quos
974 1719 1059 1780 19199
1083 1716 1165 1780 orbis
1187 1734 1326 1779 comnm-

188 1821 267 1882 uiter
290 1820 372 1901 colit,
397 1821 540 1885 excidant
562 1821 745 1903 probationi
769 1840 860 1885 uerae
884 1821 1069 1901 diuinitatis,
1093 1825 1211 1903 quanto
1227 1821 1326 1904 magis

186 1925 249 2004 isti,
273 1943 348 2006 quos
372 1945 411 1989 99
433 1927 493 2009 ipsi
516 1927 641 2007 quidem
664 1927 838 2009 municipes
863 1927 911 1989 sui
937 1924 942 2011 1
970 1927 1105 1989 norunt?
1151 1943 1226 1988 nam
1249 1943 1326 2006 quae

136 2053 161 2093 15
188 2029 299 2092 idonea
315 2031 480 2094 auctoritas
496 2032 706 2114 praecucurrit
722 2031 873 2094 eiusmodi
894 2030 1067 2114 theologiae
1087 2027 1091 2111 1
1113 2047 1208 2112 quam
1232 2029 1327 2093 etiam

186 2134 272 2198 fama
295 2135 456 2199 destituit?
502 2137 609 2217 quanti
632 2139 707 2199 9991
730 2138 780 2218 qui
804 2136 908 2199 norint
930 2136 1001 2198 uisu
1025 2135 1076 2198 uel
1100 2134 1210 2198 auditu
1233 2133 1337 2198 Atar-

187 2235 294 2323 galtim
325 2239 482 2322 Syrorum,
508 2239 683 2304 Caelestem
712 2239 871 2320 Afrorum,
902 2239 1105 2303 Varsutinam
1133 2239 1327 2319 Maurorum,

188 2343 316 2407 Obodan
348 2349 378 2407 et
407 2344 589 2430 1199199999
619 2343 771 2425 Arabum,
802 2344 955 2407 Belenum
978 2344 1138 2424 Noricum,
1169 2344 1222 2407 uel
1252 2361 1327 2425 quos

187 2449 286 2513 Varro
308 2450 408 2531 ponit:
433 2448 662 2513 Casiniensium
685 2448 930 2531 Deljuentinum,
953 2448 1178 2511 Narniensium
1193 2448 1323 2512 Visidio-

134 2578 160 2616 9
188 2573 273 2633 num,
307 2552 509 2617 Atinensium
539 2553 771 2633 Numiternum,
805 2552 1035 2617 Asculanorum
1067 2552 1071 2635 1
1105 2551 1322 2637 ,An,chariam,

186 2659 254 2739 191
277 2676 372 2738 quam
395 2659 583 2740 praenorint,
600 2658 850 2730 Vulsiniensium
864 2656 1019 2736 Nortiam,
1042 2674 1176 2738 quorum
1201 2677 1241 2720 ne
1265 2654 1324 2740 991-

186 2763 326 2847 ,minpm
350 2763 475 2844 quidem
499 2763 634 2847 dignitas
657 2763 804 2826 humanis
828 2761 1065 2846 cognominibus
1089 2761 1205 2825 distat?
1252 2762 1324 2825 satis

232 2951 393 3007 lfrustrate
412 2955 438 3007 A
502 2952 663 3005 Herculeum
681 2952 830 3020 polluctum
852 2953 922 3008 Goth
975 2950 1164 3005 2Lanuuiuae
1185 2950 1326 3008 69111919-

189 3041 269 3094 99919
287 3042 314 3094 Α
376 3042 485 3108 gustant
500 3040 584 3096 Gotb:
602 3042 734 3108 gustatA
788 3042 929 3094 3causam
947 3040 1062 3108 scripsi:
1079 3040 1198 3093 causaA
1251 3056 1326 3110 prae·

187 3129 238 3182 init
259 3128 397 3182 0911199119.Ι
415 3144 491 3196 p...
508 3169 532 3179 ..
552 3127 588 3193 A,
608 3127 681 3195 prius
700 3125 753 3180 fuit
773 3126 852 3193 doto,
873 3125 1011 3194 prohibuit
1029 3126 1173 3180 Hartelius
1252 3127 1271 3180 4
1289 3126 1328 3179 di·

188 3215 319 3285 gesserint
344 3216 428 3270 Gotb:
451 3215 581 3283 gesserint
605 3216 632 3268 A
721 3213 752 3266 de
777 3212 831 3266 deis
857 3214 941 3269 Goth:
968 3255 1094 3267 .......
1118 3215 1154 3280 A,
1177 3213 1264 3266 uestri
1287 3213 1331 3268 dei

190 3304 322 3369 Oeblerus,
341 3302 373 3354 de
391 3301 450 3354 istis
462 3302 605 3356 Hartelius
659 3300 764 3367 quando
784 3300 884 3352 fuerint
900 3300 1039 3355 chleras:
1056 3316 1120 3367 quas
1140 3298 1277 3354 defuerint
1292 3302 1329 3368 A,

187 3407 266 3458 99919
290 3389 423 3441 defuerint
447 3389 526 3455 Goth,
550 3388 624 3455 quasi
648 3387 689 3439 dei
708 3386 809 3440 fuerint
826 3388 968 3441 Horteldcos
1022 3390 1037 3441 5
1061 3385 1165 3438 diuinas
1189 3385 1222 3438 ad
1243 3387 1328 3441 scrib-

187 3478 314 3543 serintA,
327 3475 804 3543 191119999919999199991911199191199
857 3473 996 3527 foeditates
1013 3473 1138 3529 Oeblerus
1190 3472 1331 3530 diuinitati

185 3568 248 3634 fort.
302 3564 418 3626 6191999,
438 3562 483 3615 sed
499 3564 583 3618 Goth:
601 3561 653 3615 fuis
665 3604 772 3615 .......
786 3564 821 3628 A,
838 3561 891 3614 fuis
902 3604 976 3614 .....
989 3561 1073 3617 Gotb*
1126 3563 1240 3629 Sgenus
1257 3562 1332 3619 Goth

186 3652 316 3707 9notitia
331 3651 402 3705 Gotb
474 3653 506 3704 10
525 3666 572 3717 ego
588 3650 673 3706 Gotb:
690 3666 752 3717 crgo
771 3652 797 3703 A
851 3648 948 3715 ubique
967 3650 1061 3701 notum
1075 3648 1147 3704 Goth
1201 3650 1234 3703 12
1254 3651 1331 3704 totus

155 3739 390 3799 ¹Gotb:totosA
440 3740 471 3792 16
484 3738 544 3790 9199
557 3736 600 3789 991
613 3737 706 3790 auditu
722 3737 907 3791 Gotbsuisum
920 3735 962 3788 991
975 3735 1136 3789 auditumA
1183 3734 1333 3804 Atargatin

189 3827 272 3881 Gotb:
291 3828 318 3877 et
336 3825 449 3892 argatim
467 3825 494 3877 A
550 3826 581 3878 18
600 3823 710 3877 Obodan
729 3827 756 3876 et
773 3825 843 3893 Rip:
862 3823 980 3876 obodane
999 3824 1026 3876 A
1084 3825 1115 3878 19
1134 3821 1333 3878 Deluentiuum

185 3914 255 3982 Rip:
273 3910 364 3981 (1911911
382 3911 420 3964 im
438 3912 465 3964 A
529 3910 719 3963 Narniensium
737 3912 806 3981 lap.-
823 3911 995 3963 narnensium
1013 3911 1040 3963 A
1105 3908 1333 3966 solinensium

190 4000 329 4054 Oeblcros:
351 3998 546 4052 atheniensium
565 3999 601 4063 A,
623 3998 813 4051 Aternensium
834 3999 905 4053 Goth
974 3997 1165 4050 Numiteruum
1187 3996 1334 4054 chlcrus:

187 4087 369 4140 numertinum
388 4087 423 4155 A,
441 4085 637 4138 Numantinum
658 4086 729 4140 Goth
799 4084 994 4138 Asculanorum
1016 4084 1156 4140 Oeblcros:
1174 4084 1332 4139 aesculano-

188 4190 248 4226 rum
273 4176 308 4240 A,
327 4173 535 4226 Faesulanorum
553 4174 695 4228 Rcinesc'os
766 4172 927 4226 Ancharium
952 4173 1022 4226 Gotb
1092 4174 1125 4227 21
1150 4187 1231 4239 quarn
1253 4189 1333 4241 prae·

187 4262 276 4313 norint
291 4263 327 4324 A,
349 4259 584 4328 Quampraouerim
604 4260 681 4326 Gotb,
700 4275 779 4326 quam
797 4259 951 4311 Praouerim
969 4259 1032 4328 Rip,
1056 4273 1136 4325 quam
1158 4258 1332 4327 perceperint

189 4344 322 4415 Oobleras,
341 4363 420 4414 quam
436 4347 599 4417 praoiuerint
616 4349 678 4417 fort.
742 4346 881 4399 nominum
902 4346 974 4401 Gotb
