2820 4914
517 375 548 427 X.
568 374 612 426 Dc
631 374 737 427 anirna
755 377 865 429 35-37.
1198 374 1261 437 363

121 553 271 633 posterior
295 553 377 615 enirn
400 552 476 615 Eua.
514 553 558 616 ita
581 552 729 633 quamdiu
753 569 823 615 caro
847 549 988 615 informis
1013 555 1070 630 est,
1102 551 1201 632 qualis
1225 569 1261 612 ex

121 656 206 720 Adae
229 657 326 745 latere
350 657 495 739 decerpta
518 659 575 737 est,
603 657 722 721 animal
749 660 856 721 tamen
884 659 915 720 et
937 657 1006 738 ipsa
1028 656 1101 735 iam,
1130 655 1204 736 quia
1231 658 1262 718 et

120 761 206 825 illam
237 765 312 825 tunc
334 760 422 825 Adae
452 762 628 844 portionem
656 762 826 826 animatam
851 780 1028 844 agnoscam.
1068 763 1206 824 ceterum
1229 762 1261 823 et

120 868 221 950 ipsam
244 867 293 930 dei
316 865 440 931 afflatus
464 868 644 947 animasset,
674 867 700 930 si
723 885 786 930 non
809 870 844 931 ut
866 867 977 946 carnis,
1009 865 1052 929 ita
1080 868 1111 929 et
1138 864 1260 928 animae

119 992 153 1035 ex
177 970 282 1035 Adam
304 971 415 1035 tradux
437 973 548 1036 fuisset
570 972 602 1036 in
625 972 751 1035 femina.
1299 992 1311 1034 5

161 1075 213 1139 37.
239 1075 373 1140 Omnem
394 1079 499 1140 autem
518 1076 654 1140 hominis
670 1077 702 1140 in
718 1080 805 1140 utero
822 1076 946 1140 serendi
965 1075 1105 1140 struendi
1124 1075 1262 1158 fingendi

78 1189 109 1243 40
120 1184 300 1262 paraturam
320 1178 324 1264 Ι
344 1181 449 1262 aliqua
475 1181 583 1262 utique
606 1184 746 1265 potestas
770 1181 893 1245 diuinae
920 1181 1089 1244 uoluntatis
1117 1180 1261 1244 ministra

118 1285 295 1349 modulatur
311 1304 540 1366 quamcumque
555 1286 610 1349 illa
625 1286 779 1349 rationem
795 1287 913 1369 agitare
930 1287 1048 1349 sortita.
1076 1285 1153 1348 haec
1168 1286 1260 1349 aesti-

117 1390 232 1453 mando
256 1391 348 1453 etiam
373 1391 550 1473 superstitio
566 1391 709 1454 Romana
732 1391 822 1455 deam
845 1390 933 1454 finxit
947 1390 1136 1454 Alemonam
1157 1390 1260 1454 alendi

117 1497 148 1558 in
171 1497 260 1577 utero
283 1495 365 1558 fetus
390 1497 422 1558 ct
436 1494 560 1559 Nonam
580 1503 610 1558 et
625 1495 789 1559 Decimam
813 1514 831 1559 a
854 1494 1082 1559 sollicitioribus
1099 1494 1259 1557 mensibus
1287 1520 1312 1557 10

117 1603 150 1663 et
164 1599 337 1679 Perimam,
354 1618 433 1680 quae
448 1604 574 1682 partum
589 1599 752 1683 gubernet,
778 1604 809 1664 et
824 1600 987 1680 Lucinam,
1011 1618 1090 1681 quae
1109 1598 1261 1680 producat

117 1705 149 1767 in
180 1704 292 1767 lucem.
328 1722 384 1767 nos
416 1704 517 1768 officia
548 1705 654 1768 diuina
684 1706 812 1788 angelos
840 1704 1005 1768 credimus
1045 1723 1082 1767 ex
1105 1721 1140 1766 eo
1163 1703 1290 1785 igitur·

116 1809 200 1872 fetus
223 1808 256 1871 in
279 1811 367 1872 utero
390 1808 493 1889 homo,
518 1827 536 1872 a
559 1827 619 1890 quo
635 1809 737 1873 forma
753 1810 908 1892 completa
923 1812 981 1873 est.
1019 1826 1093 1895 narn
1110 1810 1141 1871 et
1157 1807 1260 1871 Mosei

116 1914 165 1977 lex
188 1916 264 1977 tunc
286 1912 416 1977 aborsus
439 1933 528 1978 reum
552 1914 718 1978 talionibus
741 1914 864 1994 iudicat,
889 1928 961 1977 cum
980 1914 1044 1977 iam
1058 1911 1194 1977 hominis
1211 1914 1260 1975 est

117 2037 220 2098 causa,
252 2036 323 2081 cum
347 2018 410 2081 iam
434 2019 479 2082 illi
502 2019 586 2082 uitae
611 2021 643 2082 et
665 2019 775 2082 mortis
800 2022 900 2083 status
925 2019 1101 2101 deputatur,
1133 2036 1204 2081 cum
1228 2020 1260 2080 et
1286 2043 1311 2082 15

115 2123 182 2187 fato
205 2125 268 2186 iam
290 2123 480 2204 inscribitur,
513 2123 572 2187 etsi
595 2124 696 2187 adhuc
719 2124 752 2187 in
774 2127 874 2188 matre
897 2123 1032 2187 uiuendo
1056 2142 1127 2186 curn
1158 2125 1259 2186 matre

115 2228 287 2309 plurimum
310 2228 521 2292 communicat
543 2231 668 2292 sortem.
702 2228 803 2292 dicam
826 2228 942 2310 aliquid
963 2229 1048 2292 etde
1064 2227 1258 2310 temporibus

116 2334 240 2396 animae
256 2334 423 2413 nascentis,
439 2336 475 2396 ut
491 2334 631 2397 ordinem
649 2333 821 2397 decurram.
844 2334 988 2416 legitima
1000 2334 1148 2397 natiuitas
1160 2333 1258 2396 ferme

115 2437 229 2500 decimi
252 2437 369 2500 mensis
393 2438 552 2520 ingressus
577 2441 633 2502 est.
670 2439 723 2520 qui
737 2456 884 2502 numeros
900 2438 1134 2517 ratiocinantur,
1159 2440 1189 2501 et
1206 2436 1258 2499 de-

115 2542 265 2605 curialem
281 2561 447 2605 numerum
463 2545 499 2605 ut
515 2543 623 2606 exinde
638 2544 827 2624 reliquorum
848 2545 1010 2624 parentem
1033 2543 1148 2621 colunt,
1172 2540 1258 2604 deni·
1285 2565 1310 2604 10
1348 2525 1350 2529 ’

115 2666 175 2728 que
198 2647 404 2727 perfectorem
420 2647 593 2711 natiuitatis
610 2648 776 2711 humanae.
809 2664 865 2730 ego
883 2647 1030 2711 addeum
1047 2648 1149 2729 potius
1165 2664 1258 2728 argu-

115 2751 279 2815 mentabor
305 2751 389 2814 hunc
416 2752 544 2815 modum
571 2752 731 2834 temporis
762 2755 798 2815 ut
827 2752 933 2815 decem
962 2769 1086 2814 menses
1110 2750 1256 2833 decalogo

115 2856 217 2938 magis
232 2856 422 2938 inaugurent
436 2856 606 2936 hominem,
627 2860 663 2921 ut
678 2858 765 2919 tanto
781 2856 929 2937 temporis
946 2874 1075 2919 numero
1092 2873 1257 2919 nascamur

115 2962 233 3042 quanto
264 2960 443 3042 disciplinae
474 2979 603 3025 numero
634 2962 833 3024 renascimur.
873 2961 928 3024 sed
959 2963 990 3024 et
1020 2979 1092 3023 cum
1123 2960 1256 3042 septimo

114 3084 224 3129 mense
247 3065 395 3128 natiuitas
418 3067 512 3146 plena
535 3069 583 3129 est
605 3066 725 3130 facilius
748 3085 843 3147 quam
866 3055 984 3146 octauo,
1012 3065 1161 3128 honorem
1185 3065 1257 3130 sab·
1283 3088 1308 3128 25

113 3170 181 3233 bati
197 3188 374 3252 agnoscam,
395 3173 429 3233 ut
445 3173 537 3252 quoto
554 3172 602 3234 die
618 3171 759 3235 dedicata
775 3174 823 3235 est
838 3171 886 3233 dei
902 3171 1050 3251 condicio,
1067 3173 1131 3234 toto
1148 3188 1256 3233 mense

113 3275 273 3338 interdum
293 3275 480 3356 producatur
501 3275 550 3338 dei
570 3277 682 3359 imago.
718 3293 902 3340 concessum
923 3278 971 3339 est
990 3293 1153 3357 properare
1174 3274 1256 3338 nati-

221 3507 264 3576 ra]
285 3508 317 3561 ef.
331 3508 376 3561 111.
391 3510 432 3573 21,
445 3511 486 3563 11.

160 3725 321 3794 lquamdiu
338 3727 450 3795 scripsi:
468 3726 514 3779 diu
533 3728 596 3794 AB,
620 3727 684 3781 durn
703 3729 846 3784 Heraclius
911 3729 1019 3783 3Adae
1037 3749 1087 3785 our.
1107 3731 1134 3784 A
1199 3732 1255 3784 ani-

114 3816 216 3866 matam
240 3815 304 3867 Urs:
322 3812 439 3866 aninrarn
458 3814 513 3867 AB
584 3819 599 3870 5
618 3815 733 3868 faemina
752 3817 779 3869 A
850 3820 866 3870 6
888 3816 936 3869 DE
955 3814 1095 3869 AETATE
1113 3816 1254 3870 ANIMAE

114 3902 177 3968 AB,
196 3899 244 3952 DE
263 3898 403 3953 AETATE
421 3899 552 3954 CARNIS
571 3901 615 3953 ET
634 3901 774 3955 ANIMAE
790 3904 841 3958 Gel
892 3903 991 3971 figendi
1010 3905 1037 3958 A
1092 3908 1106 3958 7
1125 3904 1215 3957 diuino
1227 3907 1254 3958 A

114 3986 201 4043 8an
223 3989 287 4042 Urs:
304 3986 380 4039 illam
398 3987 454 4041 AB
532 3988 582 4041 hoc
601 3989 628 4042 A
709 3990 857 4043 estimando
876 3992 904 4044 A
982 3990 1254 4045 dolendis-fetibus

113 4077 178 4143 fort.
234 4077 265 4129 10
284 4073 496 4128 sollitioribusA
551 4076 1065 4147 1310010111,Μο1113,1101111109
1119 4078 1254 4132 141101111-

114 4161 241 4215 nis—15
261 4160 300 4213 illi
319 4179 369 4216 oua
388 4162 416 4214 A
481 4164 759 4218 150110100101001,
779 4165 807 4217 A
866 4167 898 4221 18
916 4165 948 4217 ut
966 4182 1015 4219 om.
1035 4166 1063 4218 A
1116 4165 1208 4218 ordine
1227 4166 1254 4219 A

114 4249 147 4301 22
172 4247 204 4299 de
228 4246 353 4315 decalogo
371 4248 516 4303 Hurrelirrs
591 4251 625 4303 23
644 4249 777 4303 nascimur
796 4252 823 4304 A
893 4253 927 4305 26
947 4252 1027 4319 quoto
1048 4251 1110 4309 Ger.-
1128 4267 1180 4324 quo
1198 4253 1254 4310 AB

115 4335 155 4385 est
172 4351 222 4388 om.
242 4335 269 4387 B
322 4336 379 4388 toto
397 4335 434 4402 B,
453 4351 482 4387 eo
500 4335 527 4388 A
1069 4363 1074 4378 ι
