2820 4914
226 367 289 432 236
453 366 567 433 Quinti
587 367 727 438 Septimi
744 367 912 423 Plorantis
930 368 1131 424 Tertulliani

225 543 432 624 quantitatem
463 543 652 625 nominaret,
682 544 720 608 de
752 561 813 626 quo
836 563 934 608 unum
956 544 1082 627 quidem
1104 547 1228 629 perisse
1250 547 1353 610 descri-

225 648 322 727 beret,
346 665 472 711 necesse
496 651 571 728 erat,
595 652 630 712 ut
652 646 778 713 habitus
800 649 985 731 requirentis
1008 649 1193 714 drachmam
1216 651 1250 715 in
1272 651 1353 716 dono

225 757 291 816 tam
326 769 489 834 scoparum
524 770 616 834 quam
654 753 798 817 lucernae
836 754 1024 819 adminiculo
1061 754 1352 820 adcommodaretur.

225 857 404 921 huiusmodi
434 856 517 920 eninr
547 857 743 922 curiositates
774 860 806 921 et
836 861 982 941 suspecta
1011 859 1132 923 faciunt
1154 858 1308 942 quaedam
1328 863 1354 923 et

188 988 200 1026 ⁵
226 964 404 1025 coactarum
435 961 662 1044 expositionum
686 962 859 1026 subtilitate
881 962 1065 1046 plerumque
1088 961 1248 1028 deducunt
1270 982 1288 1027 a
1308 983 1354 1027 ue·

224 1065 325 1129 ritate.
365 1069 438 1129 sunt
460 1070 576 1146 autem,
600 1084 678 1148 quae
702 1069 734 1130 et
756 1067 939 1150 simpliciter
960 1068 1061 1149 posita
1084 1070 1159 1131 sunt
1182 1067 1222 1132 ad
1241 1071 1355 1132 struen-

225 1169 296 1233 dam
325 1173 357 1233 et
380 1170 602 1253 disponendam
627 1174 658 1236 et
679 1171 845 1235 texendam
867 1170 1063 1254 parabolam,
1093 1175 1130 1235 ut
1152 1172 1229 1237 illuc
1251 1173 1356 1256 perdu-

225 1277 348 1354 cantur,
382 1275 431 1337 cui
466 1275 642 1358 exemplum
676 1279 868 1357 procuratur.
911 1278 942 1339 et
970 1275 1031 1339 duo
1061 1275 1168 1357 utique
1200 1274 1261 1340 tilii
1290 1277 1357 1340 illuc

225 1377 424 1461 spectabunt,
455 1396 516 1460 quo
540 1382 571 1442 et
593 1379 741 1443 haehma
764 1384 795 1444 et
817 1381 893 1443 ouis.
940 1379 1053 1465 quibus
1077 1380 1163 1443 enim
1186 1380 1357 1460 cohaerent,

173 1508 198 1547 ιο
225 1482 355 1546 candem
371 1482 488 1547 habent
511 1501 638 1547 oausam
662 1484 854 1566 eandemque
877 1484 984 1566 utique
1008 1483 1263 1549 mussitationem
1282 1485 1358 1548 Pha-

224 1589 395 1652 risaeorum
425 1605 499 1672 erga
528 1589 748 1652 commercium
779 1588 896 1652 domini
927 1591 958 1652 et
988 1588 1195 1653 ethnicorum.
1251 1593 1308 1653 eut
1335 1589 1359 1652 si

225 1693 293 1773 quis
324 1691 445 1756 dubitat
475 1692 614 1757 ethnicos
644 1693 742 1757 fuisse
764 1692 947 1777 publicanos
979 1693 1060 1775 apud
1090 1693 1242 1769 Iudaeam
1273 1712 1360 1758 usur·

224 1800 331 1878 pat-am
356 1797 419 1859 iarn
442 1797 560 1877 pridem
583 1796 724 1879 Pompeii
747 1815 842 1861 manu
870 1800 961 1879 atque
984 1796 1116 1878 Luculli,
1139 1797 1226 1881 legat
1245 1798 1360 1862 Deute-

225 1901 414 1965 ronomium:
446 1918 516 1964 non
547 1901 620 1964 erit
650 1902 815 1985 uectigal
845 1901 1011 1984 pandens
1041 1921 1081 1965 ex
1111 1901 1210 1966 filiis
1232 1902 1360 1966 Israel.

174 2030 198 2069 rc
225 2008 370 2069 nectam
395 2004 564 2068 execrabile
588 2009 670 2069 esset
693 2023 805 2069 nornen
829 2005 1066 2088 publicanomm
1089 2005 1172 2088 apud
1189 2007 1360 2088 dominum,

225 2110 283 2173 nisi
314 2112 509 2190 extraneum,
543 2110 747 2174 uendentium
777 2111 874 2192 ipsius
905 2111 981 2174 caeli
1012 2113 1044 2174 et
1073 2113 1175 2174 terrae
1205 2115 1238 2175 et
1269 2112 1361 2175 maris

225 2215 384 2277 transitus.
445 2217 622 2295 peccatores
658 2218 762 2278 autem
798 2233 868 2277 cum
905 2213 1044 2297 adiungit
1074 2213 1268 2298 publicanie,
1304 2233 1362 2280 non

225 2319 331 2382 statim
354 2318 484 2382 Iudaeos
508 2319 653 2399 ostendit,
677 2320 734 2383 etsi
757 2319 852 2400 aliqui
867 2320 964 2382 fuisse
980 2323 1157 2401 potuemnt.
1193 2320 1362 2385 sedunum

224 2443 322 2507 genus
347 2424 541 2487 ethnicorum
564 2424 640 2487 alios
664 2443 699 2486 ex
723 2422 822 2487 officio
845 2426 1022 2507 peccatores
1045 2424 1085 2487 id
1100 2426 1148 2487 ast
1166 2424 1362 2505 publicanos,

173 2556 198 2594 20
226 2529 360 2592 elieser
384 2531 497 2591 natura
519 2528 550 2590 id
567 2531 689 2591 estnon
705 2527 897 2611 publicanos,
920 2528 1037 2609 pariter
1051 2527 1194 2610 ponendo
1209 2528 1362 2593 distinxit.

224 2637 362 2697 ceterum
393 2652 450 2696 nec
481 2633 679 2697 denotaretur
708 2651 779 2696 curn
810 2632 932 2696 Iudaeis
966 2633 1200 2696 communicans
1231 2633 1363 2714 uictum,

225 2739 278 2801 sed
303 2757 374 2801 curn
398 2737 541 2817 ethnicis,
569 2756 699 2819 quorum
723 2755 865 2801 mensam
888 2737 1016 2800 Iudaica
1039 2737 1200 2820 disciplina
1223 2737 1362 2820 depellit.

225 2860 307 2905 nunc
331 2842 367 2905 de
390 2841 452 2906 filio
474 2841 603 2924 prodigo
626 2842 657 2905 id
679 2841 765 2924 prius
789 2841 1049 2904 considerandum
1072 2840 1222 2922 estquod
1243 2841 1361 2906 utilius.

225 2947 394 3009 nonenim
420 2946 601 3009 admittetur
632 2947 843 3027 exemplorum
874 2945 1072 3027 adaequatio,
1103 2944 1176 3008 licet
1205 2944 1238 3007 in
1272 2945 1364 3029 agina

173 3076 198 3114 25
218 3051 520 3133 congruentissima,
552 3051 578 3114 si
607 3051 701 3114 fuerit
731 3050 823 3114 saluti
854 3049 1085 3113 nocentissima.
1131 3038 1232 3113 totdm
1258 3053 1363 3114 autern

225 3157 343 3217 statum
376 3155 485 3218 salutis
516 3155 548 3218 in
578 3159 685 3218 tenore
715 3154 897 3236 disciplinae
924 3153 1128 3218 constitutum
1152 3151 1296 3218 subuerti
1318 3154 1364 3216 ui-

225 3258 334 3321 demus
358 3277 394 3321 ea
415 3259 679 3342 interpretatione,
704 3277 781 3340 quae
805 3278 840 3321 ex
865 3258 988 3322 diuerso
1011 3257 1193 3321 adfectatur.
1237 3258 1364 3321 namsi

175 3369 195 3393 ’·
226 3361 422 3426 Christianus
453 3363 575 3445 estqui
606 3367 765 3446 acceptam
789 3381 807 3426 a
831 3363 886 3427 deo
909 3365 997 3446 patre
1020 3360 1230 3424 substantiam
1254 3361 1364 3443 utique

224 3466 432 3548 baptismatis,
456 3468 562 3549 utique
586 3468 711 3549 spiritus
735 3467 836 3531 sancti
858 3471 888 3531 et
904 3466 1013 3530 exinde
1028 3466 1095 3549 spei
1110 3467 1256 3528 aeternae
1271 3465 1365 3549 longe

173 3598 198 3637 ao
227 3574 377 3654 euagatus
394 3590 412 3635 a
427 3576 514 3655 patre
538 3572 674 3655 prodigit
694 3572 815 3636 ethnice
831 3572 951 3652 uiuens,
975 3571 1001 3635 si
1017 3573 1126 3634 exutus
1141 3568 1231 3633 bonis
1248 3571 1365 3634 mantis

225 3676 319 3740 etiam
342 3677 473 3759 principi
498 3677 613 3740 saeculi
637 3675 699 3758 (cui
723 3676 774 3739 alii
798 3694 891 3757 quam
914 3675 1071 3757 diaboloi)
1087 3672 1253 3737 seruitium
1271 3692 1365 3737 suum

224 3781 349 3845 tradidit
380 3784 411 3845 et
441 3779 480 3843 ab
511 3799 546 3845 eo
573 3781 675 3863 porcis
702 3780 830 3860 alendis,
858 3779 1026 3844 immundis
1057 3778 1175 3842 scilicet
1198 3777 1366 3861 spiritibus

331 3927 585 3996 mmmm

270 4063 282 4114 l
303 4058 463 4112 describeret
477 4058 540 4112 Gal:
558 4057 703 4111 describere
716 4059 743 4112 B
796 4059 812 4111 7
830 4057 977 4125 perducant
988 4058 1050 4124 fort.
1104 4059 1120 4111 9
1138 4053 1367 4124 spectabuntque

227 4146 290 4201 Gal:
307 4144 482 4215 expectabunt
501 4144 570 4212 quod
589 4146 616 4199 B
687 4146 719 4199 10
738 4143 912 4212 eandemque]
932 4143 1042 4196 eandem
1060 4145 1123 4211 fort.
1196 4144 1226 4198 ll
1251 4145 1282 4196 at
1300 4144 1366 4198 odd.

230 4234 355 4288 Oeblerus
408 4235 442 4288 22
460 4247 552 4286 mensa
572 4232 621 4286 Gal
672 4234 706 4286 24
724 4231 752 4284 in
771 4231 850 4299 agina
867 4232 902 4300 B,
921 4229 1033 4298 imagini
1055 4231 1106 4285 Urs
1164 4230 1197 4284 31
1217 4227 1265 4281 alii
1284 4245 1367 4297 quam

228 4321 290 4376 Get:
308 4319 472 4388 aliquamdiu
491 4322 518 4375 B
1154 4316 1165 4327 “
