2820 4914
462 404 498 458 Π,
518 404 561 457 De
581 402 776 456 idololatria
794 404 870 456 4-6.
1189 402 1231 466 35

92 581 241 645 manibus
258 585 290 644 et
305 599 360 645 suo
376 599 468 664 opere
484 581 627 661 tolerant,
653 581 679 643 si
703 580 789 644 nulla
809 579 946 660 exceptio
963 582 1011 642 est
1026 579 1142 642 artium
1159 596 1235 659 quas
1282 602 1284 608 >

93 686 147 749 dei
163 671 325 768 disciplina
348 703 410 749 non
432 685 549 767 recipit.
582 684 636 747 sed
653 685 696 748 ait
712 683 837 766 quidam
855 683 1004 746 aduersus
1021 682 1236 746 similitudinis

92 789 277 853 interdictae
293 789 549 872 propositionem:
581 807 636 851 cur
653 805 726 871 ergo
741 787 847 858 Moses
864 787 896 850 in
914 805 1016 851 eremo
1033 786 1237 850 simulacrum
1339 871 1342 875 .

95 894 252 976 serpentis
270 914 305 957 ex
329 911 399 957 aere
420 894 515 957 fecit?
554 911 693 956 seorsum
716 891 844 977 figurae,
868 910 947 974 quae
970 891 1165 974 dispositioni
1181 891 1237 954 ali-

95 998 149 1061 eni
168 1015 298 1061 areanae
320 997 607 1080 praestruebantur,
632 1015 693 1061 non
716 997 756 1060 ad
780 996 992 1079 erogationem
1014 995 1103 1078 legis,
1128 995 1182 1059 sed
1199 995 1237 1058 ad
1276 1012 1289 1053 1

96 1101 323 1185 exemplarium
347 1120 459 1165 causae
482 1119 565 1164 suae.
602 1101 738 1182 alioquin
763 1101 789 1163 si
812 1101 888 1164 haec
911 1102 947 1163 ut
970 1098 1140 1163 aduersarii
1159 1099 1237 1183 legis

95 1208 353 1289 interpretemur,
382 1205 533 1287 numquid
561 1208 592 1269 et
620 1224 690 1285 nos,
719 1204 801 1285 quod
829 1207 860 1268 et
885 1203 1103 1284 Marcionitae,
1130 1204 1238 1267 incon-

97 1313 247 1376 stantiam
282 1311 486 1374 adscribimus
523 1309 745 1392 omnipotenti,
774 1328 880 1395 1(1111111Ι
905 1309 951 1372 illi
978 1310 1036 1373 hoc
1066 1308 1157 1372 modo
1186 1308 1239 1371 de-

97 1419 226 1481 struunt
247 1419 283 1479 ut
305 1414 501 1494 mutabilem,
525 1415 599 1477 dum
623 1413 699 1477 alibi
721 1416 816 1494 uetat,
841 1414 923 1500 alibi
938 1413 1095 1498 mandat?
1127 1413 1153 1476 si
1168 1413 1238 1494 quis

97 1524 205 1584 autern
236 1519 414 1583 dissimulat
443 1519 530 1582 illam
562 1517 696 1602 effigiem
732 1518 815 1582 aerei
845 1518 1002 1602 serpentis
1033 1518 1181 1603 suspensi
1206 1519 1239 1580 in
1266 1536 1291 1575 ιο

97 1624 228 1688 modurn
250 1622 384 1707 figuram
407 1623 585 1706 designasse
609 1623 782 1687 dominicae
805 1623 904 1686 crucis
930 1641 959 1708 ,a
986 1621 1184 1707 seppentibus
1207 1621 1240 1685 id

98 1732 150 1793 est
177 1728 215 1792 ab
243 1728 362 1810 angelis
391 1727 505 1791 diaboli
530 1726 717 1791 liberaturae
745 1746 812 1806 nos,
840 1727 915 1790 dum
941 1745 996 1810 per
1020 1726 1240 1811 semetipsam

99 1833 261 1896 diabolum
287 1833 318 1895 id
346 1835 394 1896 est
421 1835 599 1915 serpentem
626 1831 829 1895 interfectum
857 1831 1034 1914 suspendit,
1066 1830 1132 1894 siue
1160 1847 1240 1911 quae

98 1937 162 2002 alia
183 1937 301 2020 figurae
323 1937 413 2000 istius
438 1937 586 2019 expositio
610 1935 802 2020 dignioribus
825 1937 964 2000 reuelata
987 1939 1044 2015 est,
1073 1934 1240 1999 dummodo
1283 1987 1285 1989 .

97 2042 279 2127 ,appstolus
296 2040 431 2105 affirmet
453 2041 558 2104 omnia
580 2044 654 2104 tuno
677 2040 809 2124 figurate
832 2040 945 2123 populo
963 2040 1120 2104 accidisse.
1148 2039 1239 2120 bene,
1267 2057 1292 2098 15

101 2147 184 2227 quod
207 2145 291 2209 idem
314 2146 389 2209 deus
414 2147 445 2208 et
460 2146 529 2228 lege
552 2145 653 2209 uetuit
676 2145 912 2208 similitudinem
934 2143 1002 2207 fieri
1026 2147 1058 2207 et
1073 2143 1240 2208 extraordi-

101 2250 189 2315 nario
216 2253 381 2333 praecepto
409 2251 561 2332 serpentis
590 2250 828 2314 similitudinem
856 2249 975 2313 indixit.
1022 2249 1049 2312 si
1077 2245 1238 2334 eundeml

10 2363 81 2416 2109
101 2356 196 2419 deum
212 2355 370 2435 obseruas,
386 2354 484 2418 habes
500 2356 603 2438 legem
620 2355 696 2435 eius,
720 2374 763 2418 ne
786 2355 921 2418 feceris
943 2353 1238 2417 similitudinem.

103 2461 131 2524 si
147 2463 179 2524 et
200 2463 400 2542 praeceptum
424 2460 524 2523 iactae
546 2463 656 2541 postea
676 2459 888 2522 similitudinis
911 2458 1050 2541 respicis,
1075 2461 1106 2522 ot
1121 2461 1156 2522 tu
1171 2457 1241 2520 irni-

102 2568 171 2628 tare
186 2563 328 2646 Moysen,
351 2583 390 2627 ne
412 2564 509 2627 facias
526 2564 676 2628 aduersus
691 2564 795 2647 legem
811 2563 1014 2627 simulacrum
1030 2562 1165 2644 aliquod,
1181 2561 1241 2624 nisi
1267 2579 1293 2619 20

104 2672 135 2733 et
149 2669 208 2733 tibi
231 2669 306 2732 deus
330 2669 464 2732 iusserit,
1227 2673 1230 2679 ’

148 2771 178 2836 6.
202 2771 235 2838 Si
257 2774 343 2837 nulla
365 2774 414 2837 lex
430 2773 480 2836 dei
501 2773 714 2855 prohibuisset
735 2773 818 2836 idola
840 2771 907 2835 fieri
923 2791 941 2836 a
957 2771 1057 2851 nobis,
1080 2770 1167 2834 nulla
1182 2787 1242 2833 uox

105 2878 234 2961 spiritus
254 2878 357 2941 sancti
379 2877 617 2941 fabricatoribus
640 2877 794 2942 idolorum
817 2896 878 2941 non
902 2877 1006 2940 minus
1030 2893 1124 2957 quam
1144 2876 1210 2939 cult
1229 2910 1242 2922 -

104 2981 193 3046 ribus
216 2982 467 3062 comminaretur,
484 2983 522 3045 de
537 2983 603 3064 ipso
620 2984 814 3046 sacramento
838 2984 943 3045 nostro
966 2981 1243 3061 interpretaremur
1329 2973 1330 2976 ’

105 3087 197 3151 nobis
225 3086 370 3150 aduersas
398 3105 467 3150 esse
493 3085 565 3148 fidei
593 3086 745 3149 eiusmodi
772 3088 863 3149 artes.
903 3085 1055 3167 quomodo
1083 3084 1168 3148 enim
1195 3103 1243 3147 re·
1270 3101 1295 3141 25

105 3190 321 3254 nuntiauimus
346 3189 466 3254 diabolo
491 3194 522 3254 et
544 3190 663 3274 angelis
687 3191 763 3269 eius,
787 3191 813 3253 si
837 3207 888 3253 eos
911 3189 1065 3253 facimus?
1093 3188 1173 3269 quod
1196 3207 1244 3251 re-

104 3295 236 3379 pudium
259 3295 392 3359 diximus
414 3295 464 3375 iis,
488 3313 550 3359 non
573 3295 638 3359 dico
662 3313 734 3358 cum
757 3295 879 3376 quibus,
905 3295 959 3358 sed
975 3295 1012 3358 de
1029 3293 1141 3375 quibus
1164 3293 1244 3357 uiui·

106 3401 200 3463 mus?
235 3417 327 3480 quam
350 3399 535 3463 discordiam
558 3400 751 3481 suscepimus
775 3399 808 3462 in
832 3418 894 3480 eos,
918 3399 1031 3481 quibus
1048 3397 1244 3462 exhibitionis

106 3507 232 3568 nostrae
247 3504 349 3586 gratia
364 3503 493 3586 obligati
509 3506 642 3567 sumus?
671 3507 759 3586 potes
775 3504 883 3587 lingua
898 3522 1029 3587 negasse
1046 3502 1126 3585 quod
1149 3520 1245 3565 manu

106 3606 287 3672 confiteris?
331 3607 427 3672 uerbo
455 3609 613 3672 destruere
641 3608 723 3689 quod
751 3608 833 3671 facto
861 3609 979 3672 struis?
1025 3626 1123 3670 unum
1151 3607 1244 3670 deum
1272 3625 1298 3664 ao

105 3712 286 3795 praedicare
302 3713 354 3793 qui
376 3714 480 3776 tantos
497 3712 615 3776 efficis?
649 3731 759 3776 uerum
775 3712 868 3776 deum
891 3712 1068 3795 praedicare
1084 3712 1135 3793 qui
1150 3711 1245 3775 falsos

214 3868 258 3936 rs]
277 3868 323 3921 m.
342 3870 383 3933 ao,
397 3871 420 3923 r.

154 4011 167 4063 1
188 4006 303 4061 tolerant
320 4009 432 4077 scripsi:
449 4007 597 4062 tolerantur
615 4008 670 4061 AB
713 4008 731 4060 4
749 4022 838 4060 exearo
855 4007 910 4061 AB
957 4009 973 4060 5
991 4004 1208 4074 praestruebatur
1220 4006 1247 4058 B

109 4095 311 4163 derogationem
328 4097 392 4164 Iusta,
406 4096 479 4163 Suel,
490 4096 546 4165 Rip
599 4096 615 4148 6
634 4093 784 4146 aduersaria
807 4096 938 4150 Wissowu
991 4096 1007 4149 8
1025 4092 1115 4161 quern]
1133 4090 1201 4159 quod
1220 4092 1246 4147 B

110 4186 144 4238 14
157 4182 301 4236 dummodo
314 4184 412 4237 utIua
454 4186 485 4238 15
498 4182 817 4251 prouirpulapuactum
836 4188 898 4236 uate
915 4180 981 4234 bene
994 4181 1078 4249 posui
1121 4181 1153 4233 16
1166 4179 1248 4248 maus

109 4273 139 4323 et
154 4270 219 4338 AB,
236 4271 267 4323 ut
288 4269 421 4338 Oeblerue,
440 4269 485 4337 qui
498 4270 569 4324 Paua
617 4275 688 4338 post.
702 4271 728 4322 et
740 4270 803 4323 adol.
817 4270 874 4323 Iam
927 4270 958 4322 17
972 4267 1068 4320 indixit
1078 4267 1148 4334 Rip:
1165 4265 1248 4318 intera

111 4355 180 4410 dixit
191 4358 255 4426 AB,
273 4356 484 4411 interduxitIua
537 4357 570 4410 22
589 4354 673 4420 nobis
692 4355 715 4409 si
733 4355 806 4409 nulla
824 4371 875 4410 uox
893 4356 950 4410 Lar
1002 4355 1035 4408 27
1053 4353 1095 4406 his
1113 4354 1141 4407 B

408 4465 412 4474 .
1060 4441 1093 4493 311·
