2820 4914
307 383 353 436 IX.
373 384 416 436 De
435 383 558 436 ieiunio
578 383 735 436 aduersus
753 383 927 452 psychicos
948 386 1057 439 13-15.
1190 383 1253 446 293

108 559 271 624 notionem
295 563 472 642 temporum
496 563 527 623 et
550 560 670 623 dierum
695 563 726 623 et
749 559 906 623 mensium
930 563 962 623 et
986 578 1139 624 annorum
1158 559 1254 622 erasit

109 665 285 746 apostolus,
321 683 375 728 cur
409 665 527 746 pascha
562 663 757 747 celebramus
794 683 896 728 annuo
931 665 1044 728 circulo
1079 665 1111 728 in
1144 684 1253 728 meuse

108 770 233 852 primo?
257 788 311 832 cur
334 770 561 852 quinquaginta
583 769 691 833 exinde
715 769 824 832 diebus
847 770 878 831 in
895 771 980 833 omni
996 769 1184 832 exultatione
1201 769 1253 832 de-

106 874 286 937 currimus?
310 892 363 937 cur
387 873 574 937 stationibus
598 877 743 955 quartam
766 876 797 937 et
820 877 941 936 sextam
965 871 1089 937 sabbati
1112 873 1252 937 dicamus

107 980 142 1042 et
171 978 294 1043 ieiuniis
324 982 536 1061 parasceuen?
582 996 773 1060 quamquam
804 995 860 1041 uos
893 978 989 1041 etiam
1013 977 1194 1058 sabbatum,
1226 977 1252 1040 si

106 1082 245 1164 quando,
273 1083 474 1162 continuatis,
504 1100 677 1163 numquam
704 1082 763 1146 uisi
785 1082 818 1145 in
840 1082 958 1163 pascha
979 1081 1181 1145 ieiunandum
1205 1101 1253 1145 se·
1329 1072 1335 1084 ’

104 1187 249 1252 cundum
272 1188 427 1252 rationem
450 1187 524 1251 alibi
546 1187 710 1251 redditam.
745 1187 835 1251 nobis
856 1189 939 1250 certe
956 1187 1057 1250 omnis
1074 1186 1140 1250 dies
1157 1186 1253 1250 etiam

104 1293 241 1375 uulgata
272 1293 502 1356 consecratione
533 1292 718 1356 celebratur.
769 1309 826 1354 nec
859 1309 931 1374 ergo
962 1291 1045 1372 apud
1076 1291 1252 1374 apostolum

104 1396 302 1460 differentiae
333 1397 427 1476 ratio,
460 1396 705 1479 distinguentem
736 1413 818 1459 noua
849 1399 893 1459 et·
909 1398 1025 1458 uetera.
1072 1397 1126 1458 sed
1150 1395 1253 1459 ethic

104 1500 316 1582 inaequalitas
347 1504 454 1564 uestra
484 1500 650 1580 ridebitur,
681 1519 753 1563 cum
781 1503 979 1564 'uetustatum
1006 1500 1141 1563 formam
1163 1499 1252 1564 nobis
1280 1525 1305 1563 ιο

105 1605 300 1688 exprobratis
324 1605 440 1687 inquo
464 1623 592 1668 causam
616 1605 765 1669 nouitatis
789 1605 953 1668 accusatis.

156 1708 206 1772 15.
230 1708 389 1793 Reprobat
413 1710 508 1774 etiam
530 1709 600 1773 illos
625 1710 677 1791 qui
700 1709 829 1773 iubeant
852 1708 930 1772 cibis
955 1708 1121 1788 abstinere,
1145 1708 1199 1772 sed
1215 1709 1252 1772 de

105 1815 306 1899 prouidentia
336 1815 464 1897 spiritus
497 1816 610 1894 sancti,
640 1814 869 1896 praedamnans
901 1813 965 1876 iam
988 1813 1160 1878 haereticos
1183 1832 1252 1896 per-

108 1922 238 2003 petuam
262 1918 485 1983 abstinentiam
508 1922 728 2002 praecepturos
749 1920 787 1982 ad
804 1919 993 1982 destruenda
1008 1922 1039 1982 et
1056 1918 1253 2000 despicienda

107 2042 204 2108 opera
233 2024 394 2104 creatoris,
426 2025 533 2105 quales
560 2024 720 2087 inueniam
744 2024 825 2106 apud
848 2023 1055 2102 Marcionem,
1087 2024 1169 2106 apud
1192 2023 1252 2086 Ta·
1280 2047 1305 2087 15

107 2131 241 2210 tianum,
265 2128 347 2211 apud
362 2129 482 2209 Iouem,
505 2128 690 2193 hodiernum
715 2128 752 2191 de
768 2128 949 2212 Pythagora
963 2127 1166 2208 haereticum,
1190 2146 1253 2191 nou

106 2234 192 2315 apud
217 2234 420 2317 paracletum.
467 2233 619 2315 quantula
647 2236 695 2296 est
718 2232 803 2296 enim
827 2234 908 2315 apud
931 2250 987 2296 nos
1011 2231 1186 2295 interdictio
1210 2232 1252 2296 ci-

105 2339 243 2403 borum?
288 2339 364 2402 duas
396 2337 428 2401 in
452 2355 534 2402 anno
557 2336 769 2401 hebdomadas
793 2336 1053 2420 xerophagiarum
1076 2354 1134 2399 nec
1158 2338 1251 2416 totaS,
1307 2406 1309 2411 ,

106 2443 243 2525 exceptis
267 2442 385 2507 scilicet
405 2440 546 2506 sabbatis
564 2446 595 2505 et
610 2442 782 2521 dominicis,
806 2440 965 2505 offerimus
983 2441 1039 2505 deo
1056 2440 1251 2504 abstinentes

106 2547 148 2611 ab
173 2547 217 2611 eis
241 2564 320 2628 quae
344 2565 406 2610 nou
429 2546 585 2626 reicimus,
616 2547 670 2610 sed
694 2546 875 2609 differimus.
922 2546 1007 2627 atqui
1031 2545 1069 2608 ad
1091 2544 1249 2608 Romanos

107 2651 249 2715 scribens
274 2669 329 2714 uos
362 2668 445 2714 nunc
472 2651 655 2734 compungit
683 2650 906 2714 detractatores
937 2649 1030 2712 huius
1062 2648 1164 2712 officii.
1208 2666 1251 2711 ne

104 2758 259 2838 propter
275 2754 452 2837 pabulum
470 2755 681 2834 solueritiS,
707 2755 817 2836 inquit,
841 2772 931 2836 opus
951 2754 1019 2817 dei.
1055 2753 1135 2834 quod
1151 2755 1250 2834 opus?

106 2860 227 2941 dequo
250 2858 307 2922 ait:
335 2857 471 2923 bonum
495 2862 551 2922 est
574 2877 720 2923 carnem
744 2876 814 2922 uon
839 2859 946 2922 edere
970 2861 1006 2921 et
1028 2858 1156 2920 uiuum
1179 2874 1251 2919 non

105 2967 246 3047 potare.
282 2981 356 3026 nam
380 2964 432 3045 qui
454 2963 487 3027 in
509 2964 578 3027 istis
603 2963 710 3044 seruit,
733 2961 896 3045 placabilis
920 2965 951 3026 et
972 2960 1178 3045 propitiabilis
1195 2960 1251 3023 deo

106 3070 215 3132 nostro
252 3070 308 3131 est.
373 3068 522 3149 quidam
557 3068 675 3132 credit
709 3068 831 3131 omnia
865 3066 1121 3131 manducanda
1155 3084 1250 3146 esse,
1291 3090 1304 3129 5

105 3172 260 3255 qnidam
280 3175 404 3236 autem
420 3173 594 3236 infirmus
610 3172 739 3236 holera
754 3172 936 3247 uescitur3
960 3171 1022 3253 qui
1037 3171 1251 3250 manducat,

104 3297 150 3341 ne
166 3276 364 3341 nullificet
379 3296 450 3341 non
467 3277 761 3341 manducantem.
787 3280 825 3340 tu
843 3277 923 3358 quis
940 3296 992 3356 es,
1009 3276 1071 3357 qui
1087 3275 1251 3339 alienum

106 3399 262 3446 sernum
295 3381 461 3446 iudicas?
508 3385 544 3445 et
574 3381 635 3463 qui
665 3381 865 3444 manducat
895 3384 931 3444 et
961 3382 1022 3462 qui
1052 3399 1123 3445 uon
1154 3397 1251 3443 man-

104 3486 234 3566 ducat,
276 3485 341 3550 deo
380 3488 458 3570 agit
494 3487 646 3570 gratias.
704 3504 776 3549 cunr
811 3488 916 3548 autem
949 3485 1087 3549 humano
1122 3484 1250 3548 arbitrio

103 3593 196 3654 netet
226 3591 470 3655 controuersiam
500 3590 582 3670 fieri,
614 3593 731 3673 quanto
761 3589 863 3673 magis
893 3590 1019 3654 diuino?
1064 3590 1110 3653 ita
1133 3589 1251 3653 sciebat
1278 3614 1304 3654 eo

142 3814 147 3821 ‚
213 3754 258 3822 21]
278 3754 354 3807 Rom.
369 3755 409 3818 14,
423 3756 457 3810 20
470 3769 507 3822 sq.
561 3753 607 3822 25]
627 3754 702 3808 Rom.
718 3757 758 3818 14,
771 3757 787 3808 2
801 3769 857 3822 sqq.

151 3904 169 3956 2
182 3917 268 3954 annuo
284 3904 346 3957 Gal:
364 3902 453 3955 animo
466 3903 493 3956 Β
544 3903 560 3956 6
574 3901 743 3965 continuatis,
757 3901 858 3970 putatis
870 3905 935 3970 fort.
990 3903 1004 3955 7
1018 3900 1105 3953 omnis
1118 3900 1174 3953 dies
1189 3901 1252 3955 Gcl:

92 3989 181 4042 -omni
200 3988 243 4042 die
261 3989 289 4043 Β
359 3991 375 4045 8
399 3988 547 4043 celebratur
567 3989 631 4044 Gel:
654 3988 821 4042 celebrantur
838 3990 865 4043 B
937 3991 967 4044 11
993 4003 1043 4055 quo
1067 3990 1132 4043 Urs:
1154 4003 1207 4054 qua
1224 3988 1251 4041 B

107 4079 141 4132 12
162 4074 287 4144 reprobat
308 4078 371 4131 Gel:
393 4075 533 4144 reprobrat
551 4078 578 4129 Β
649 4074 760 4129 iubeant
779 4076 842 4130 Gel:
864 4074 992 4128 iubebant
1009 4076 1037 4128 Β
1109 4076 1141 4128 13
1165 4073 1251 4126 sancti

110 4162 454 4218 Giaccootus:sanctus13
510 4165 541 4217 16
553 4162 659 4215 Ιο111111
672 4165 736 4230 fort.
790 4165 824 4218 20
841 4162 934 4230 atquin
948 4164 1020 4216 Pura
1072 4160 1251 4216 1111111111-

105 4255 180 4306 tores
209 4253 274 4306 Urs:
300 4253 487 4304 retractatores
510 4252 546 4317 B,
574 4249 764 4303 detrectatores
786 4250 842 4319 Rip
912 4252 946 4304 26
974 4247 1046 4302 olera
1076 4248 1105 4316 O,
1132 4247 1201 4302 olere
1223 4249 1251 4305 Β

105 4341 141 4394 27
162 4337 292 4390 nullificet
315 4336 344 4406 O,
362 4336 473 4391 uilificet
491 4339 518 4392 Β
572 4338 605 4391 30
624 4338 697 4390 uetet
715 4337 878 4392 Harrisa'us:
896 4337 964 4390 uitet
982 4337 1009 4393 B
