2820 4914
530 420 562 476 X.
581 421 625 474 De
644 420 750 474 anima
768 422 808 476 24.
1179 421 1241 486 339

108 595 194 677 quasi
226 595 333 659 exinde
364 599 488 678 tempus
519 597 624 661 anima
654 598 820 678 sustineat,
852 616 930 679 quae
954 601 1020 663 sine
1044 598 1137 663 dubio
1160 599 1243 683 prior

106 719 232 783 corpore
264 719 326 765 non
355 701 415 764 fuit
444 702 551 782 utique
578 702 645 764 sine
668 705 828 784 tempore?
872 703 1012 785 ingressa
1035 721 1108 766 uero
1132 722 1242 786 corpus

105 806 254 868 statimne
284 805 492 884 obliuiscitur,
525 825 565 869 an
595 806 753 887 aliquanto
783 809 876 888 post?
922 807 947 870 si
977 807 1097 891 statim,
1129 826 1243 888 ecquae

105 909 163 972 erit
192 911 341 991 temporis
373 909 511 973 nondum
534 909 723 992 subputandi
747 910 933 974 multitudo?
961 911 1092 975 infantia
1115 912 1242 974 scilicet.

104 1014 131 1076 si
162 1014 320 1095 aliquanto
350 1017 435 1097 post,
467 1033 539 1098 ergo
566 1015 619 1079 1110
643 1015 674 1078 in
697 1015 798 1098 spatio
821 1019 893 1079 ante
917 1020 1056 1098 tempora
1080 1014 1243 1080 obliuionis

104 1136 226 1181 memor
249 1119 349 1182 adhuc
372 1123 445 1202 aget
467 1120 592 1183 anima?
631 1123 662 1183 ot
685 1120 775 1200 quale
799 1123 848 1184 est
870 1123 905 1184 ut
919 1124 1028 1203 postea
1044 1120 1244 1184 obliuiscatur

105 1227 136 1285 et
158 1241 266 1285 rursus
290 1226 398 1304 postea
419 1224 618 1287 recordetur?
656 1242 778 1305 quoquo
802 1229 907 1288 autem
930 1227 1070 1305 tempore
1086 1225 1173 1288 illam
1190 1224 1244 1287 ob-

103 1327 180 1389 liuio
209 1327 354 1408 inruerit,
386 1331 520 1409 quantus
550 1328 601 1391 hic
631 1329 725 1392 etiam
753 1328 918 1392 habebitur
941 1328 1051 1392 modus
1075 1328 1244 1411 temporis?

104 1434 181 1510 tota,
212 1432 328 1514 opinor,
360 1433 442 1496 uitae
465 1433 604 1496 decursio
629 1433 704 1496 satis
728 1451 790 1496 non
814 1433 872 1496 erit
894 1432 932 1496 ad
956 1433 1156 1496 euertendam
1179 1449 1245 1493 me-

104 1536 238 1598 moriam
264 1537 344 1599 tanti
367 1540 439 1600 ante
463 1555 573 1620 corpus
597 1538 675 1601 aeui.
723 1537 777 1601 sed
799 1556 907 1601 rursus
930 1537 1020 1600 Plato
1044 1555 1169 1600 causam
1193 1536 1245 1599 de·
1273 1563 1281 1600 r

106 1643 205 1703 motat
227 1642 260 1704 in
283 1660 403 1724 corpus,
428 1643 516 1724 quasi
539 1646 569 1706 et
591 1643 650 1705 hoc
672 1642 733 1706 fide
757 1642 896 1726 dignum,
919 1646 954 1706 ut
976 1645 1050 1705 nata
1070 1641 1246 1705 substantia

104 1745 231 1808 innatae
262 1746 326 1808 uim
359 1747 526 1830 extinguat.
572 1766 704 1831 magnae
728 1751 832 1811 autem
857 1765 892 1810 ac
915 1747 1032 1810 multae
1056 1745 1245 1809 differentiae

106 1867 270 1931 corporum
293 1868 348 1931 pro
372 1851 560 1934 gentilitate,
583 1870 638 1934 pro
654 1852 880 1935 magnitudine,
904 1870 959 1934 pro
975 1850 1167 1930 habitudine,
1191 1868 1245 1932 pro

61 1962 92 2013 cv
106 1957 224 2034 aetate,
246 1952 250 2039 l
270 1973 325 2036 pro
357 1957 543 2020 ualetudine.
591 1976 666 2019 num
691 1975 763 2040 ergo
788 1960 818 2020 et
840 1955 1032 2020 obliuicnum
1056 1954 1246 2019 differentiae

107 2059 379 2123 aestimabuntur?
425 2062 479 2124 sed
502 2061 666 2125 uniformis
690 2061 804 2125 obliuio
829 2064 889 2135 est;
917 2079 989 2144 orgo
1013 2078 1075 2124 non
1099 2060 1158 2123 erit
1181 2077 1246 2123 cor·
1274 2087 1283 2122 1

106 2164 253 2245 poralitas
285 2165 487 2229 multiformis
519 2166 552 2228 in
582 2184 676 2229 causa
707 2166 804 2230 exitus
832 2166 1003 2230 uniformis
1050 2166 1150 2229 multa
1172 2165 1247 2228 item

107 2267 294 2331 documenta
317 2271 397 2332 teste
419 2269 485 2352 ipso
500 2269 632 2333 Platone
649 2269 872 2334 diuinationem
888 2271 1010 2333 animae
1026 2268 1246 2352 probauerunt,

107 2391 186 2454 quae
209 2373 427 2455 proposuimus
451 2375 513 2437 iam
528 2374 730 2458 Hermogeni.
762 2375 816 2438 sed
832 2393 889 2438 nec
905 2375 1069 2456 quisquam
1084 2374 1247 2437 hominum

106 2495 170 2541 non
201 2480 233 2541 ot
261 2478 327 2560 ipse
355 2478 520 2560 aliquando
550 2498 733 2562 praesagam
769 2480 906 2542 animam
941 2498 1030 2542 suam
1065 2478 1160 2542 sentit
1194 2480 1248 2540 aut

106 2582 221 2645 ominis
251 2586 306 2646 aut
335 2584 462 2665 periculi
492 2586 546 2648 aut
576 2584 679 2667 gaudii
709 2602 869 2667 augurem.
917 2584 942 2647 si
973 2583 1154 2646 diuinaticni
1184 2600 1245 2645 non
1273 2607 1283 2647 a

106 2686 260 2769 obstrepit
293 2706 418 2770 corpuS,
457 2706 514 2751 nec
547 2689 713 2752 memoriae
748 2688 855 2769 opinor
889 2687 1012 2752 officiet.
1072 2687 1105 2750 in
1139 2686 1247 2750 eodem

107 2800 189 2854 certe
220 2810 346 2874 corpore
377 2794 409 2855 et
435 2791 659 2857 obliuiscuntur
682 2793 806 2857 animae
831 2795 861 2855 et
883 2793 1093 2856 recordantm.
1140 2791 1248 2872 siqua

106 2897 242 2977 corporis
266 2897 345 2959 ratio
368 2897 482 2960 incutit
505 2896 703 2978 obliuionem,
728 2898 881 2980 quomodo
905 2897 1095 2961 contrariam
1112 2896 1176 2959 eius
1194 2896 1248 2959 ad-

107 3001 211 3064 mittet
233 3001 501 3065 recordationem?
533 3001 604 3082 quia
628 3002 748 3084 etipsa
771 3005 842 3085 post
865 3001 1055 3066 obliuionem
1077 3000 1247 3065 recordatio

107 3105 259 3168 memoria
281 3106 419 3169 recidiua
440 3108 511 3169 est?
546 3107 627 3187 quod
649 3107 769 3187 primae
790 3107 959 3170 memoriae
976 3107 1169 3185 aduersatur,
1193 3123 1248 3168 cur
1274 3131 1283 3169 r

107 3228 170 3274 non
202 3214 233 3273 et
263 3211 415 3275 secundae
445 3211 640 3293 refragetur?
681 3215 837 3293 postremo
869 3211 923 3291 qui
946 3211 1046 3294 magis
1069 3211 1248 3273 reminisce-

107 3318 218 3378 rentur
249 3333 343 3395 quanr
374 3314 510 3397 pueruli,
541 3318 577 3378 ut
604 3316 791 3379 recentiores
816 3316 952 3395 animae,
983 3318 1018 3377 ut
1040 3315 1179 3378 nondum
1200 3315 1247 3376 in-

107 3437 230 3483 mersae
254 3420 433 3484 domesticis
457 3438 492 3484 ac
514 3419 647 3502 publicis
672 3420 763 3500 curis,
787 3423 822 3483 ut
844 3419 918 3501 ipsis
943 3419 1015 3483 solis
1039 3418 1159 3482 deditae
1183 3420 1247 3480 stu-

215 3602 257 3669 lo]
277 3601 311 3655 cf.
324 3600 393 3655 Plat.
407 3599 506 3655 Phacd.
520 3618 545 3670 p.
560 3603 592 3656 65
606 3616 643 3669 sq.
709 3599 753 3667 17]
774 3599 806 3654 cf.
819 3598 889 3653 Plat.
902 3597 1015 3653 Phaedr.
1029 3615 1054 3667 p.
1067 3600 1119 3654 242
1129 3597 1157 3653 C.

153 3769 169 3820 3
188 3781 284 3833 ecquae
303 3766 354 3819 erit
376 3767 515 3821 Oeblcrus:
533 3768 560 3820 et
578 3765 681 3833 quaerit
693 3768 728 3833 A,
748 3769 774 3818 et
792 3780 858 3833 quae
877 3764 928 3818 erit
945 3765 972 3817 B
1025 3767 1041 3818 5
1060 3760 1201 3829 aliquando
1220 3763 1247 3816 A

108 3857 124 3906 9
145 3852 316 3906 euertendam
335 3855 404 3908 Lat:
422 3851 578 3906 uertendam
597 3853 653 3907 AB
726 3855 758 3907 10
777 3851 897 3905 demetat
915 3851 1029 3919 scripsi:
1053 3848 1174 3902 demutat
1192 3850 1247 3903 AB

109 3943 143 3995 12
162 3956 192 3992 ac
210 3941 275 4009 AB,
293 3943 320 3992 et
340 3942 389 3995 Gal
457 3938 540 3992 multe
559 3940 586 3992 A
657 3941 689 3992 13
708 3938 839 4006 getilitate
857 3939 884 3992 A
956 3939 988 3991 15
1007 3935 1203 3989 aetimabuntur
1220 3937 1247 3990 A

110 4031 144 4082 16
162 4028 190 4080 in
209 4044 288 4080 causa
306 4027 390 4079 exitus
409 4025 549 4079 uniformis
568 4043 618 4080 om.
638 4027 665 4080 A
738 4028 770 4081 19
789 4027 835 4079 out
853 4025 950 4078 ominis
968 4025 1047 4092 Beraq,
1067 4027 1113 4076 aut
1130 4022 1247 4076 hominis

109 4116 174 4183 AB,
197 4117 244 4166 aut
266 4114 380 4182 uigilans
404 4118 450 4167 aut
472 4113 602 4167 insomnis
624 4115 668 4167 acl
690 4115 736 4165 aut
759 4112 888 4166 insomnis
912 4115 958 4165 aut
980 4110 1095 4190 uigilans
1117 4112 1190 4178 sort,
1218 4113 1248 4163 ut

109 4202 214 4254 eminus
228 4202 371 4256 Hortclias
423 4202 457 4256 22
472 4203 554 4269 prius
566 4202 592 4253 et
605 4217 654 4255 cm.
669 4202 696 4254 A
749 4201 782 4255 25
801 4200 1023 4269 iuterropatioua's
1041 4199 1149 4268 0190000-
1164 4199 1248 4266 posui

109 4291 144 4343 26
163 4288 314 4356 refragatur
331 4290 358 4342 A
411 4290 444 4342 27
464 4290 494 4339 ut
512 4287 669 4340 recentiores
688 4288 752 4354 AB,
771 4286 928 4339 uirentiores
947 4286 1026 4354 Brup,
1046 4288 1077 4338 ut
1094 4283 1248 4337 recentioris

109 4376 253 4432 Hartclius
306 4376 429 4427 immersa
448 4375 475 4428 A
528 4376 562 4431 28
581 4373 686 4428 deditae
706 4374 769 4429 oet.-
787 4372 892 4426 debitae
910 4373 946 4441 A,
965 4372 1053 4425 debite
1071 4373 1099 4426 B

1042 4461 1092 4510 22*
