2820 4914
228 344 290 407 204
461 345 573 411 Quinti
593 346 730 414 Septimi
750 344 915 399 Florentis
931 346 1136 400 Tertulliani

228 520 332 602 batur,
362 522 675 603 quoniamsubieeta
698 541 837 604 quaeque
861 524 992 587 materia
1015 522 1097 603 eius,
1127 542 1213 605 quae
1238 524 1361 607 desuper

227 626 378 706 imminet,
399 627 583 708 qualitatem
603 626 703 709 rapiat
720 645 846 691 neeesse
862 632 920 706 est,
941 628 1074 691 maxime
1090 628 1266 711 oorporulis
1280 628 1358 709 spiri·

226 730 324 822 talem
353 738 382 793 et
414 735 577 815 penetrare
609 736 639 794 et
672 731 805 795 insidere
828 730 956 801 labilem
983 750 1039 815 per
1065 730 1269 797 substantiae
1293 750 1356 795 suae

227 835 444 900 subtilitatem.
483 837 526 899 ita
546 836 583 899 de
604 840 711 900 saneto
731 835 924 900 sanctificata
943 840 1059 933 natura
1073 824 1241 931 aquarum·
1251 840 1282 901 et
1296 837 1358 933 ipsu

188 992 192 1003 .
226 940 419 1004 sanctificare
446 941 596 1023 ooneepit.
642 960 734 1004 uerno
761 941 858 1004 dicat:
887 940 1038 1022 numquid
1065 940 1143 1022 ipsis
1170 942 1256 1005 enim
1277 940 1351 1023 aquis

226 1046 391 1129 tingimur,
419 1064 497 1126 quae
524 1052 599 1109 tuno
622 1047 653 1108 in
675 1046 844 1127 primordio
867 1046 1015 1109 fuerunt?
1060 1062 1122 1109 non
1145 1046 1256 1128 utique
1276 1046 1348 1129 ipsis,

227 1151 285 1214 nisi
309 1170 345 1214 or
368 1169 405 1214 ea
426 1158 514 1233 parte
536 1170 598 1233 qua
619 1170 718 1233 genus
740 1151 868 1232 quidem
890 1170 1003 1230 ornum,
1035 1151 1156 1233 speeies
1182 1169 1258 1215 uero
1278 1168 1346 1215 oom-

226 1256 340 1337 plures.
385 1256 467 1336 quod
491 1260 596 1319 autem
619 1256 726 1338 generi
749 1255 941 1319 adtributum
965 1261 1027 1335 est,
1055 1255 1150 1319 etiam
1173 1256 1206 1319 in
1228 1255 1345 1337 speoion

226 1360 386 1423 redundat.
433 1360 562 1441 ideoque
586 1361 673 1424 nulla
694 1360 852 1423 distinctio
878 1363 940 1439 est,
971 1361 1050 1423 mari
1078 1359 1149 1440 quis
1176 1377 1217 1423 an
1243 1362 1342 1441 stagno,

226 1463 355 1527 fluurine
378 1483 415 1527 au
440 1465 536 1543 tonte,
560 1465 627 1527 laru
651 1483 690 1527 au
716 1466 805 1528 alueo
829 1463 975 1543 diluatur,
998 1481 1056 1526 neo
1079 1463 1247 1544 quiequam
1268 1462 1342 1526 refert

226 1569 306 1631 inter
329 1586 381 1631 eos
404 1587 481 1649 quos
505 1569 659 1632 lohannes
682 1569 712 1631 iu
741 1568 872 1631 Iordane
903 1570 934 1631 et
960 1584 1037 1648 quos
1059 1567 1173 1631 Petrus
1200 1568 1233 1631 in
1259 1565 1341 1630 'liberi

225 1674 324 1736 tinxit.
371 1673 429 1735 uisi
453 1682 481 1735 ot
507 1674 558 1736 illo
582 1673 688 1755 spado,
718 1692 811 1753 quoru
835 1672 999 1754 Philippus
1029 1672 1111 1735 iuter
1138 1671 1208 1735 uias
1237 1671 1399 1734 fortuita.-

227 1794 308 1857 aqua
329 1777 430 1855 tiurit,
453 1777 524 1859 plus
549 1777 657 1841 salutis
678 1777 855 1840 autminus
876 1776 992 1839 retulit.
1030 1776 1127 1859 igitur
1142 1792 1251 1839 omnes
1265 1791 1376 1856 aquaae

227 1884 264 1944 do
287 1882 417 1962 pristina
447 1883 572 1965 originis
600 1882 818 1963 praerogatiua
848 1884 1081 1944 sacramentum
1112 1877 1379 1944 sanctificatoris

187 2010 199 2047 s
227 1990 458 2066 consequuntur·
488 1988 630 2050 irruoeuto
661 1987 727 2051 deo.
774 1986 955 2067 superuenit
986 1986 1070 2048 euim
1101 1986 1210 2049 statim
1237 1983 1362 2065 quius

227 2092 264 2152 de
292 2090 384 2153 rabelis
412 2096 445 2153 et
471 2091 560 2171 aquis
589 2096 728 2172 superest
757 2090 956 2154 sanetifioans
984 2108 1037 2153 eas
1060 2090 1098 2152 de
1121 2088 1297 2171 semetipso,
1320 2086 1352 2149 et

227 2196 269 2258 ita
297 2194 508 2258 sanetifioatae
536 2195 601 2258 uim
630 2194 841 2259 sarrotifioarrdi
869 2194 1060 2259 oombibuut.
1107 2188 1347 2275 quamquamad

227 2299 398 2380 simplicum
429 2303 533 2362 astrum
562 2304 719 2380 eompetat
741 2300 923 2378 similitudo,
954 2302 999 2378 ut,
1030 2298 1179 2379 quoniam
1205 2298 1273 2361 uiae
1296 2312 1348 2359 sor·

228 2405 312 2466 dium
336 2404 457 2467 delict-is
481 2405 691 2484 inquinamur,
723 2405 812 2485 aquis
839 2404 1014 2467 abluamur.
1060 2402 1117 2465 sed
1146 2402 1261 2465 deliota
1286 2401 1352 2465 siout

173 2532 200 2569 ao
227 2528 286 2573 uon
310 2509 341 2571 iu
365 2528 457 2570 earne
481 2514 671 2589 eorrrparent,
702 2509 775 2589 quia
801 2526 893 2571 rreruo
920 2525 1013 2590 super
1040 2508 1145 2569 eutem
1172 2508 1279 2589 portat
1297 2520 1355 2569 mt-

225 2614 328 2677 oulam
352 2613 543 2676 idololatriae
567 2616 621 2676 eruut
644 2613 741 2695 stupri
767 2616 820 2675 aut
842 2612 972 2690 fraudis,
1003 2610 1047 2674 ita
1073 2610 1228 2675 eiusmodi
1249 2610 1282 2674 in
1303 2608 1359 2692 spi·

225 2718 286 2781 ritu
309 2717 446 2796 sordent,
468 2708 525 2798 ‘qui
550 2719 598 2780 est
621 2720 728 2780 arrotor
751 2716 863 2779 delioti.
909 2716 1036 2797 spiritus
1065 2716 1149 2779 onim
1177 2714 1361 2795 dominatur,

225 2840 296 2885 oaro
319 2821 497 2885 farrrulatur.
544 2824 649 2884 tamen
677 2824 844 2901 utrumque
872 2821 952 2884 inter
980 2838 1014 2883 se
1040 2818 1279 2883 oommuuioant
1299 2836 1363 2883 roa·

226 2930 303 3005 tom,
328 2926 454 3006 spiritus
477 2925 516 2988 ob
540 2925 717 3006 imperium,
741 2943 812 2988 earo
833 2924 871 2989 ob
893 2923 1112 2987 ministerium.
1151 2923 1250 3007 igitur
1269 2922 1365 2988 modi-

175 3050 200 3090 25
227 3030 304 3093 eatis
329 3029 555 3110 ‹prodarmuodo
579 3030 667 3110 aquis
690 3049 745 3111 por
768 3028 871 3111 angeli
894 3029 1107 3092 interuenbum
1130 3030 1162 3090 ot
1183 3028 1367 3109 spiritusin

227 3134 316 3215 aquis
339 3134 537 3216 corporaliter
565 3133 692 3197 diluitur
720 3137 751 3196 et
777 3151 848 3197 earo
875 3134 906 3196 iu
931 3132 1049 3218 eisdem
1071 3131 1256 3215 spirituliter
1277 3150 1368 3197 mun-

228 3239 328 3301 datur.

270 3340 299 3404 b.
325 3340 482 3405 Sedenim
500 3343 641 3406 nationes
658 3345 822 3405 (extraneae
838 3341 877 3405 ab
900 3341 986 3405 omni
999 3340 1163 3409 intolleotu
1177 3340 1369 3423 spiritalium

226 3449 414 3528 potest-atem
443 3446 553 3510 eadem
581 3446 720 3509 ofboaoia
746 3445 835 3510 idolis
858 3447 922 3509 suis
946 3443 1196 3509 subministrant.
1244 3444 1301 3509 sod
1323 3445 1371 3509 ui·

175 3577 201 3615 ao
228 3552 296 3615 duis
331 3552 419 3632 aquis
451 3551 509 3614 sibi
541 3551 744 3614 mentiuntur.
791 3568 864 3613 uam
896 3553 927 3613 et
959 3548 1055 3613 saeris
1088 3547 1280 3629 quibusdam
1313 3568 1370 3633 per

227 3658 386 3720 lauaorum
411 3656 583 3735 initiantur,
613 3655 706 3718 Isidis
738 3654 869 3718 alieuius
901 3657 954 3718 aut
975 3653 1126 3727 Mithrae;
1156 3653 1243 3734 ipsos
1274 3653 1370 3717 etiam

270 3775 499 3844 5[numquidlB
553 3777 569 3829 6
588 3791 658 3827 nuno
677 3776 726 3829 Gol
779 3774 843 3842 ipsis
863 3774 926 3828 Get:
943 3772 996 3842 ipsi
1012 3774 1039 3827 B
1101 3771 1237 3841 ‘ispeoios
1255 3774 1371 3843 scripsi.-

228 3863 353 3932 speoioB
409 3866 437 3917 ll
459 3861 612 3914 iulordane
627 3861 690 3915 Get:
707 3859 970 3914 interlordanomB
1025 3862 1057 3915 15
1077 3858 1192 3928 [deo]B
1247 3862 1279 3915 17
1296 3875 1371 3915 oom-

227 3950 337 4017 bibunt‚
360 3949 417 4002 trice
436 3948 554 4001 sordium
574 3947 647 4015 aquis
667 3947 818 4001 abluantur.
850 3946 1016 4014 Quamquam
1035 3948 1074 4012 B,
1097 3944 1268 4017 combibunt,
1291 3950 1327 4002 ut
1345 3950 1371 4003 ot

228 4036 325 4089 delict-a
346 4037 403 4089 uiee
424 4036 543 4089 sordium
566 4035 640 4102 aquis
662 4034 813 4089 abluantur.
846 4034 1011 4101 Quamquam
1029 4034 1210 4102 Wouooeruis3
1226 4034 1371 4089 tuoe-ab·

227 4124 336 4177 luautur
355 4125 402 4178 del.
422 4124 472 4178 Get
524 4125 557 4177 29
575 4125 735 4191 potestatem
750 4123 812 4177 Get:
830 4124 993 4190 potestatum
1011 4122 1039 4175 B
1090 4123 1256 4189 potestatum
1273 4120 1370 4175 eadem

229 4210 347 4264 effleaoia
364 4212 464 4280 deappl.
478 4210 570 4277 aquas)
593 4209 725 4276 Oeblerus,
745 4212 908 4277 potestatum
927 4208 1038 4261 eandem
1057 4207 1205 4261 elfieaoiarn
1221 4208 1372 4265 Hortalum

229 4297 433 4351 subministrant
455 4298 517 4352 θεῖε
538 4295 751 4350 subministrauib
768 4297 795 4351 B
