2828 4936
408 397 443 450 ΙΙ.
463 398 507 449 De
526 398 727 451 idololatria
746 400 855 453 10-11.
1158 401 1197 464 41

57 574 143 655 prius
169 574 273 654 sapiat
299 576 419 653 oportet
441 573 522 654 quod
544 574 629 654 prius
653 574 771 653 didicit,
798 575 829 637 id
857 579 904 638 est
931 576 968 637 de
992 576 1048 638 deo
1077 580 1107 638 et
1129 576 1199 639 fide.

57 677 188 759 proinde
216 677 271 740 illa
297 680 423 759 respuet
446 696 503 741 nec
530 678 657 759 recipiet
684 679 795 742 eterit
823 683 888 742 tam
910 683 1006 759 tutuS,
1031 698 1124 761 quam
1149 681 1202 761 qui

59 783 162 845 sciens
192 800 349 845 uenenum
377 780 415 844 ab
444 782 551 864 ignaro
579 783 690 865 accipit
717 802 774 846 nec
801 783 887 847 bibit.
934 784 1005 848 huic
1032 785 1201 849 necessitas

59 887 97 950 ad
114 886 348 950 excusationem
365 886 540 967 deputatur,
565 888 637 968 quia
653 888 742 951 aliter
759 889 875 951 discere
891 907 953 952 non
975 892 1086 970 potest.
1115 892 1201 953 tanto

59 995 166 1055 autem
182 991 302 1054 facilius
327 993 374 1054 est
396 990 514 1054 litteras
538 1009 600 1054 non
616 992 725 1055 dooere
741 1010 835 1074 quam
856 1011 918 1056 non
934 992 1062 1072 discere,
1086 997 1201 1075 quanto
1241 1010 1254 1050 ⁵

59 1095 228 1176 etreliqua
251 1095 427 1159 scholarum
450 1095 487 1158 de
509 1095 642 1176 publicis
667 1114 702 1159 ac
717 1097 848 1178 propriis
872 1097 1132 1162 sollemnitatibus
1154 1099 1202 1162 in-

59 1201 264 1282 quinamenta
287 1199 406 1263 facilius
423 1200 592 1281 discipulus
615 1199 714 1264 fidelis
738 1219 801 1265 non
823 1201 921 1265 adibit
937 1221 1030 1284 quam
1054 1203 1202 1286 magister

58 1323 121 1368 non
145 1303 367 1386 frequentabit.
431 1335 436 1341 ·

105 1408 154 1473 11.
172 1408 255 1490 †De
264 1408 516 1492 generationibus
532 1409 558 1472 si
571 1413 673 1473 cetera
685 1409 866 1473 delictorum
878 1412 1095 1494 recogitemus,
1107 1413 1202 1493 inpri-

57 1515 117 1577 mis
134 1514 335 1595 cupiditatem
358 1513 494 1577 radicem
517 1514 657 1576 omnium
681 1515 845 1595 malorum,
869 1534 930 1597 qua
946 1515 1072 1596 quidam
1084 1516 1202 1579 inretiti
1229 1534 1254 1572 10

58 1621 141 1682 circa
168 1618 263 1681 fidem
290 1618 490 1701 naufragium
518 1622 591 1682 sunt
617 1620 712 1699 passi,
741 1638 812 1682 cum
840 1619 887 1683 bis
916 1625 947 1684 et
968 1620 1140 1684 idololatria
1163 1620 1201 1684 ab

58 1724 169 1786 eodem
193 1723 331 1803 apostolo
355 1723 436 1785 dicta
463 1723 504 1786 sit
526 1723 687 1804 cupiditas,
716 1727 783 1786 tum
807 1725 1004 1787 mendacium
1028 1724 1202 1806 cupiditatis

58 1827 238 1890 ministrum
269 1863 308 1871 —
340 1830 427 1889 taceo
463 1826 499 1889 de
533 1827 676 1909 periurio,
714 1828 835 1908 quando
872 1848 910 1892 ne
946 1829 1045 1892 iurare
1077 1829 1202 1911 quidem

57 1933 215 1996 liceat-
239 1931 404 2014 negotiatio
432 1949 522 1994 seruo
546 1932 594 1994 dei
618 1935 691 2013 apta
718 1935 786 1995 est?
832 1936 970 1996 ceterum
998 1934 1024 1995 si
1051 1935 1201 2015 cupiditas

58 2034 219 2114 abscedat,
243 2053 321 2116 quae
338 2038 386 2099 est
401 2053 496 2098 causa
511 2036 713 2117 adquirendi?
752 2040 893 2101 cessante
910 2056 1005 2101 causa
1021 2039 1201 2119 adquirendi
1229 2055 1254 2095 1⁵

58 2158 121 2204 non
144 2140 204 2203 erit
226 2140 395 2203 necessitas
419 2140 604 2223 negotiandi.
642 2141 682 2204 sit
704 2160 786 2204 nunc
803 2142 906 2223 aliqua
921 2142 1038 2205 iustitia
1054 2148 1200 2224 quaestus

58 2262 169 2309 secura
192 2245 230 2308 de
253 2244 428 2326 cupiditatis
452 2250 482 2307 et
505 2246 657 2335 mendacii
678 2245 904 2326 obseruatione,
927 2247 958 2309 in
975 2247 1091 2310 crimen
1108 2248 1200 2312 offen-

58 2350 130 2413 dere
155 2349 345 2412 idololatriae
366 2367 435 2412 eam
459 2349 575 2431 opinor,
599 2368 678 2431 quae
702 2351 740 2414 ad
764 2351 865 2433 ipsam
887 2352 1039 2415 idolorum
1063 2353 1200 2416 animam

59 2459 89 2517 et
113 2454 257 2535 spiritum
280 2454 423 2535 pertinet,
448 2472 527 2536 quae
551 2472 642 2518 omne
664 2455 861 2519 daemonium
878 2457 1010 2539 saginat.
1047 2475 1122 2521 sane
1139 2476 1200 2521 non

58 2559 111 2622 illa
126 2558 307 2640 principalis
323 2558 520 2623 idololatria?
544 2559 687 2639 uiderint,
705 2561 731 2622 si
747 2561 874 2623 eaedem
890 2579 1020 2641 merces,
1043 2565 1113 2625 tura
1133 2563 1199 2626 dico
1226 2577 1252 2616 20

60 2667 90 2727 et
105 2667 209 2726 cetera
224 2662 451 2745 peregrinitatis
475 2664 514 2726 ad
530 2663 714 2727 sacrificium
735 2664 887 2727 idolorum
908 2665 1002 2729 etiam
1022 2666 1198 2730 hominibus

58 2767 98 2831 ad
116 2767 279 2849 pigmenta
293 2767 498 2846 medicinalia,
522 2767 609 2831 nobis
627 2786 747 2849 quoque
764 2769 889 2850 insuper
912 2770 951 2832 ad
968 2770 1081 2833 solacia
1097 2772 1199 2852 sepul-

58 2875 146 2935 turae
159 2871 230 2934 usui
242 2874 323 2934 sunt.
348 2875 430 2935 certe
443 2890 514 2934 cum
529 2889 671 2953 pompae,
688 2890 759 2935 cum
773 2873 953 2954 sacerdotia,
967 2893 1039 2937 cum
1052 2874 1200 2938 sacrificia

58 2976 211 3039 idolorum
228 2975 265 3038 de
280 2975 433 3056 periculis,
458 2977 495 3038 de
512 2976 644 3055 damnis,
661 2977 698 3039 de
714 2978 929 3057 incommodis,
954 2979 991 3042 de
1008 2980 1200 3062 cogitationi·

58 3079 128 3159 bus,
153 3079 191 3141 de
215 3079 404 3143 discursibus
427 3079 726 3162 negotiationibusue
749 3081 953 3161 instruuntur,
982 3083 1055 3164 quid
1082 3084 1165 3147 aliud
1195 3081 1197 3167 1
1227 3101 1252 3140 2⁵

10 3193 38 3247 13
58 3202 155 3265 quam
170 3188 349 3265 procurator
367 3184 520 3248 idolorum
536 3186 782 3249 demonstraris?
807 3203 899 3249 nemo
920 3188 1087 3251 contendat
1108 3206 1199 3269 posse

57 3289 117 3352 hoc
133 3287 224 3351 modo
241 3287 384 3351 omnibus
408 3289 667 3371 negotiationibus
685 3290 927 3353 controuersiam
951 3290 1026 3354 fieri.
1057 3293 1201 3374 grauiora

57 3392 172 3456 delicta
194 3409 334 3473 quaeque
356 3410 412 3473 pro
428 3393 641 3475 magnitudine
664 3394 792 3475 periculi
816 3394 1007 3477 diligentiam
1031 3396 1201 3460 extendunt

57 3496 295 3575 obseruationis,
318 3501 353 3560 ut
376 3515 438 3560 non
461 3497 500 3561 ab
524 3498 571 3561 his
595 3501 718 3561 tantum
735 3498 951 3579 abscedamus,
976 3500 1030 3563 sed
1054 3504 1085 3564 et
1107 3499 1146 3563 ab
1163 3501 1199 3563 iis

57 3621 114 3683 per
142 3618 221 3682 quae
248 3600 335 3664 fiunt.
380 3601 454 3664 licet
476 3602 559 3665 enim
587 3602 625 3665 ab
654 3602 721 3665 aliis
748 3602 813 3683 fiat,
841 3621 903 3666 non
929 3604 1069 3684 interest,
1097 3605 1123 3667 si
1144 3623 1200 3685 per
1227 3621 1252 3661 oo

104 3825 228 3894 lsapiat
251 3824 365 3894 oportet]
389 3825 459 3894 sapit
479 3827 543 3881 Sool
612 3827 782 3881 bscolarum
799 3829 826 3882 A
891 3845 921 3881 ac
940 3829 1002 3883 odd.
1022 3831 1080 3897 Urs,
1099 3833 1126 3882 et
1144 3830 1200 3884 Iure

58 3917 74 3968 9
93 3913 133 3965 De
152 3911 318 3980 grauioribus
337 3914 401 3978 Lot,
420 3912 460 3965 De
479 3913 702 3980 negotiationibus
721 3916 869 3982 Heroides,
888 3915 928 3968 De
941 3915 1118 3983 negotiatione
1137 3933 1199 3969 uero

62 4001 122 4068 Uro,
136 3999 176 4052 De
188 3998 355 4066 generalibus
373 3998 519 4052 rationibus
531 4003 595 4068 sort.
639 4001 660 4052 si
674 4001 722 4055 del.
737 4003 802 4057 Scul
847 4004 877 4056 11
898 4017 980 4069 quum
993 4001 1033 4055 bis
1046 4004 1199 4058 Herbidus:

58 4085 182 4153 quamuis
201 4086 256 4139 AB
299 4085 424 4139 idolatria
442 4087 469 4139 A
518 4088 550 4140 14
569 4088 715 4154 negociatio
734 4090 761 4142 A
811 4091 843 4143 16
862 4104 914 4141 non
933 4088 984 4142 erit
1001 4091 1037 4157 B,
1056 4089 1198 4143 noueritA

59 4175 93 4228 19
111 4173 185 4241 saue]
206 4189 239 4225 an
260 4173 308 4228 θεῖ
370 4175 403 4227 20
421 4172 572 4226 idolalatria
590 4175 616 4226 A
679 4174 784 4227 eaedem
807 4176 869 4229 Gal:
887 4175 978 4228 eadem
997 4177 1052 4230 AB
1113 4178 1143 4229 21
1164 4176 1198 4229 ad

57 4260 122 4314 add.
136 4262 193 4314 Iuor
244 4263 276 4315 22
296 4259 431 4329 sepulture
449 4261 476 4314 A
525 4262 557 4316 25
577 4259 786 4333 negationibgtue
804 4263 831 4316 A
880 4266 912 4317 27
932 4261 1158 4330 negociationibus
1172 4265 1198 4319 A

57 4349 93 4404 30
112 4347 163 4401 nisi
182 4347 237 4402 Iron
