2820 4914
156 396 219 460 338
388 396 501 461 Quinti
521 396 658 465 Septimi
679 396 844 450 Florentis
863 396 1067 450 Tertulliani

157 574 352 656 ingeniorum
383 576 414 636 et
444 572 628 652 affectuum,
658 592 737 654 quae
760 576 891 636 naturae
914 572 1074 652 uidentur,
1107 576 1273 636 nontamen

157 681 240 756 sunt,
265 678 345 758 quia,
370 681 405 740 ut
427 677 658 760 praemisimus,
683 681 714 741 et
736 695 791 759 pro
815 677 890 741 locis
915 681 946 740 11
969 695 1024 759 pro
1046 677 1275 740 institutionibus
1330 698 1332 749 l

157 787 188 845 et
217 800 272 864 pro
296 782 495 864 corpulentiis
520 801 555 845 ac
579 782 810 845 ualetudinibus
836 786 867 845 11
889 801 944 864 pro
967 782 1177 863 potestatibus
1200 781 1277 843 domi-

157 887 326 950 natricibus
352 891 382 949 et
405 904 460 968 pro
484 886 681 950 libertatibus
705 885 825 949 arbitrii
849 905 884 949 11
908 884 1125 950 accidentibus
1146 888 1279 948 constant.

117 1020 130 1058 s
157 991 346 1054 naturalium
377 1008 451 1054 uero
485 991 614 1054 scientia
645 1010 683 1053 ne
707 991 739 1053 in
762 990 872 1054 bestiis
896 991 1023 1072 quidem
1047 989 1162 1053 deficit.
1206 990 1280 1072 plane

157 1094 355 1158 obliuiscetur
386 1094 518 1158 feritatis
550 1096 598 1158 leo
630 1095 879 1158 mansuetudinis
911 1095 1084 1158 eruditione
1112 1098 1281 1176 praeuentus

157 1204 283 1263 etcum
307 1203 373 1264 toto
397 1203 549 1283 suggestu
572 1199 716 1263 iubarum
741 1200 887 1263 delicium
911 1199 965 1263 fiet
980 1200 1147 1263 Berenices
1171 1199 1282 1262 alicuius

157 1304 282 1386 reginae
299 1304 408 1387 lingua
423 1323 520 1386 genas
538 1304 603 1368 eius
621 1306 812 1368 emaculans
841 1322 943 1368 mores
960 1303 1095 1367 bestiam
1111 1304 1283 1384 relinquent,

158 1408 288 1472 scientia
319 1408 510 1472 naturalium
538 1409 743 1491 perrrranebit.
790 1427 851 1472 non
876 1408 1079 1472 obliuiscetur
1103 1409 1187 1472 idem
1210 1411 1284 1472 natu-

106 1545 130 1581 11
156 1514 269 1576 ralium
293 1512 493 1596 pabulorum,
526 1513 716 1577 naturalium
739 1514 961 1593 remediorum,
988 1514 1182 1576 naturalium
1206 1517 1285 1576 terro-

156 1637 242 1690 rum;
274 1620 305 1680 11
336 1618 361 1680 11
393 1617 429 1679 de
458 1617 596 1700 piscibus
622 1621 652 1680 et
676 1619 701 1680 si
725 1618 762 1681 de
785 1619 937 1699 placentis
960 1618 1068 1700 regina
1093 1618 1120 1680 11
1144 1616 1286 1693 obtulerit,

157 1741 283 1786 carnem
308 1721 505 1801 desiderabit,
530 1725 563 1785 et
586 1722 610 1784 si
633 1722 798 1805 languenti
822 1723 993 1786 theriacam
1016 1722 1236 1804 composuerit,
1256 1720 1288 1782 si·

158 1827 253 1890 miani
283 1827 331 1890 leo
362 1825 514 1906 requiret,
546 1828 577 1888 11
608 1826 633 1889 si
665 1826 786 1890 nullum
818 1827 862 1890 illi
893 1826 1087 1890 uenabulum
1113 1824 1288 1902 obfirmabit,

157 1931 276 2012 gallum
299 1935 406 1994 tamen
430 1929 618 1993 formidabit.
665 1930 792 2012 perinde
817 1934 848 1994 et
870 1930 989 1994 homini
1012 1929 1157 1994 omnium
1172 1930 1290 1993 forsitan

107 2064 132 2102 15
158 2035 397 2098 obliniosissimo
418 2034 629 2098 inoblitterata
643 2034 858 2116 perseuerabit
875 2036 939 2098 sola
955 2035 1086 2098 scientia
1101 2036 1291 2112 naturalium,

158 2142 193 2202 ut
216 2140 281 2203 sola
304 2139 423 2202 seilicet
445 2138 607 2218 naturalis,
631 2157 751 2203 memor
775 2157 898 2220 semper
922 2139 1130 2203 manducandi
1153 2140 1187 2203 in
1203 2138 1292 2202 esurie

158 2246 190 2306 et
213 2243 339 2307 bibendi
362 2244 394 2306 iu
418 2244 471 2306 siti
495 2247 526 2307 11
549 2243 644 2307 oculis
669 2243 838 2307 uidendum
863 2248 893 2307 11
916 2243 1041 2307 auribus
1066 2245 1254 2308 audiendum
1269 2246 1295 2305 11

158 2347 284 2411 naribus
308 2347 499 2411 odorandum
521 2351 552 2411 11
567 2366 619 2412 111
635 2348 827 2432 gustandum
847 2347 851 2434 Ι
872 2353 903 2412 11
918 2368 1013 2412 manu
1030 2349 1291 2413 contrectandum.
1302 2352 1332 2404 11

157 2452 189 2515 hi
213 2455 286 2516 sunt
309 2456 392 2516 11111
416 2472 538 2532 sensus,
562 2470 637 2534 quos
661 2453 857 2535 philosophia
873 2453 1026 2536 depretiat
1041 2452 1295 2517 intellectualium

104 2586 131 2624 1ο
157 2557 358 2639 praelatione.
404 2557 499 2640 igitur
530 2557 557 2620 si
584 2557 733 2620 naturalis
758 2557 888 2621 scientia
910 2558 1102 2621 sensualium
1127 2560 1294 2640 permanet,

157 2661 310 2742 quomodo
334 2661 604 2742 intellectualium,
629 2680 707 2742 quae
723 2661 825 2744 potior
840 2662 982 2741 habetur,
1006 2661 1187 2725 intercidit?
1222 2661 1295 2724 unde

158 2784 240 2829 nunc
263 2766 331 2849 ipsa
354 2767 401 2829 uis
425 2765 590 2829 obliuionis
610 2766 825 2830 antecedentis
841 2767 1107 2830 recordationem?
1144 2786 1180 2829 ex
1196 2765 1297 2829 multi-

157 2870 275 2950 tudine,
300 2871 352 2950 ait,
376 2871 534 2953 temporis.
582 2871 657 2934 satis
681 2871 887 2953 inprospeote.
931 2871 1088 2952 quantitas
1113 2871 1200 2934 enim
1224 2875 1297 2935 tem-

158 2975 241 3056 poris
272 2993 334 3039 non
365 2974 533 3058 pertinebit
564 2974 603 3038 ad
631 2994 700 3038 eam
724 2994 789 3038 rem
813 2994 892 3056 quae
906 2975 1022 3066 ¹innata
1044 2974 1167 3038 dicatur
1190 2994 1227 3039 ac
1248 2993 1298 3057 per

107 3079 216 3144 1511011
245 3079 445 3159 potissimum
478 3082 605 3142 aeterna
635 3080 788 3143 credatur.
835 3080 916 3160 quod
947 3079 1030 3142 enim
1058 3083 1224 3144 aeternum
1246 3083 1297 3158 est,

160 3201 208 3261 eo,
237 3183 307 3264 quia
331 3187 362 3246 11
384 3183 528 3247 innatum
552 3187 613 3263 est,
637 3202 737 3264 neque
761 3183 886 3247 initium
910 3203 1009 3265 neque
1033 3182 1129 3246 finem
1154 3184 1298 3266 temporis

159 3287 350 3351 admittendo
386 3288 507 3351 nullum
542 3287 669 3350 modum
705 3288 853 3370 temporis
888 3288 1015 3370 patitur.
1071 3289 1121 3350 cui
1155 3288 1299 3371 temporis

159 3392 270 3455 modus
295 3393 398 3455 nullus
424 3395 480 3471 est,
505 3410 562 3455 nec
585 3393 649 3455 ulla
673 3391 884 3455 demutatione
908 3392 1040 3474 tempori
1066 3391 1177 3456 subest
1201 3411 1257 3454 neo
1275 3391 1299 3453 11

160 3495 196 3558 de
221 3496 418 3560 multitudine
442 3496 591 3579 temporis
615 3497 662 3558 uis
687 3500 744 3559 est.
785 3496 810 3559 si
833 3500 958 3579 tempus
982 3496 1013 3560 in
1038 3514 1132 3559 causa
1156 3499 1206 3560 111
1229 3496 1299 3560 obli·

108 3627 134 3665 11
161 3601 272 3680 aionis,
297 3619 351 3663 our
375 3620 410 3664 11
435 3619 494 3682 quo
518 3600 622 3664 anima
646 3601 765 3682 corpori
780 3601 946 3681 inducitur,
970 3602 1122 3664 memoria
1138 3601 1298 3678 delabitur,

203 3826 328 3879 211111
347 3842 415 3881 corr.
470 3824 640 3893 premisimus
659 3826 686 3879 A
739 3823 973 3880 3ueletudinibus
992 3827 1018 3879 A
1037 3843 1106 3880 corr.
1176 3829 1209 3881 10
1228 3829 1298 3879 natu-

160 3911 256 3964 ralium
291 3911 472 3964 remediorum
507 3930 557 3967 om.
589 3913 616 3966 A
706 3913 738 3966 13
773 3911 921 3965 offirmabit
950 3914 990 3980 A,
1021 3911 1214 3966 obfirmabitur
1241 3915 1298 3982 fort.

162 4000 194 4052 lo
213 3998 313 4068 aesurie
333 4000 359 4065 (a
377 3999 530 4064 audactum)
543 4000 570 4052 A
626 4002 656 4054 17
676 3998 786 4052 uidendi
802 4001 866 4066 fort.
922 3997 1047 4051 audiendi
1065 4000 1130 4065 fort.
1194 3999 1299 4056 181111-

160 4085 238 4137 randi
263 4087 327 4152 fort
403 4084 529 4152 gustandi
556 4088 620 4153 fort.
696 4085 880 4139 contrectandi
906 4088 970 4153 fort.
1045 4088 1077 4141 21
1106 4086 1253 4140 intercidet
1276 4088 1299 4139 A

160 4175 193 4227 23
212 4173 378 4241 inprospeete
399 4173 464 4226 Gel:
482 4172 509 4224 in
528 4173 675 4240 prospectis
694 4174 750 4226 AB
814 4174 849 4227 211
868 4175 894 4224 11
912 4190 963 4227 om.
982 4174 1009 4226 A
1075 4174 1110 4227 28
1129 4175 1259 4243 temporis
1276 4174 1299 4227 B

160 4263 294 4315 neo-29
322 4259 364 4311 uis
391 4263 431 4312 est
458 4277 508 4314 om.
531 4261 558 4313 A
632 4260 655 4313 ei
683 4259 715 4312 do
742 4261 854 4328 scripsi:
886 4258 977 4312 eadem
1004 4261 1042 4327 B,
1068 4259 1163 4313 eadem
1189 4261 1218 4314 iu
1241 4262 1299 4327 Lot,

161 4362 191 4398 ea
210 4346 242 4398 de
260 4348 315 4417 Rip
