2820 4914
466 346 540 402 VIH.
560 348 604 401 De
622 350 787 418 pudicitia
806 354 915 407 18-19.
1201 353 1263 417 261

144 496 416 585 demonstrationem
438 523 486 586 sui
510 524 602 587 etiam
627 528 698 608 post
720 525 814 588 fidem
837 527 943 610 lapsis,
967 527 1011 590 ita
1034 529 1194 610 apostolus
1219 529 1264 592 di-

149 617 224 684 taret:
251 626 345 689 nolite
377 628 608 692 communicare
639 630 784 712 operibus
816 631 1032 710 tenebrarum,
1067 632 1126 694 nisi
1157 635 1263 715 paeni·

56 765 60 804 :
150 711 253 791 lentiam
276 730 406 813 egerint,
431 735 472 812 et,
496 750 567 795 cum
591 733 707 797 talibus
727 754 766 797 ne
782 734 887 797 cibum
903 734 1027 815 quidem
1046 754 1179 814 sumere,
1204 738 1263 799 nisi

56 852 75 875 ’-
147 829 320 914 Posteaquam
345 835 462 919 caligas
485 835 617 899 fratrum
642 838 812 902 0010100110
828 838 1023 918 deterserint,
1049 842 1089 918 et,
1113 839 1166 920 qui
1182 843 1262 903 tern-

142 926 209 1005 llum
231 937 279 1000 dei
302 938 472 1020 uitiauerit,
496 941 619 1004 uitiabit
641 942 731 1004 illum
755 942 841 1022 deus,
873 942 932 1005 nisi
956 943 1097 1005 omnium
1121 943 1260 1006 locorum
1299 973 1312 1011 5

56 1055 66 1101 ·,
139 1034 235 1105 cineres
266 1042 297 1105 in
331 1044 461 1108 ecclesia
490 1045 658 1128 decapite
688 1065 743 1109 suo
775 1047 953 1110 excusserit.
1000 1046 1151 1109 debuerat
1176 1048 1260 1110 enim

132 1157 199 1223 quae
221 1146 427 1211 damnauerat
449 1149 578 1231 proinde
602 1151 837 1230 determinasse,
864 1169 1000 1232 quonam
1025 1170 1124 1232 usque
1147 1155 1179 1214 et
1201 1152 1259 1215 sub

56 1290 58 1299 ι
127 1265 180 1328 qua
201 1251 381 1315 condicione
405 1252 599 1333 damnasset,
627 1255 653 1316 si
676 1254 840 1336 temporali
864 1258 895 1317 et
917 1255 1121 1318 condicionali
1144 1259 1176 1318 et
1197 1274 1260 1318 non

120 1357 268 1436 perpetua
291 1356 458 1420 seueritate
481 1357 670 1421 damnasset.
705 1375 796 1439 porro
819 1376 890 1421 cum
910 1359 941 1420 in
958 1358 1103 1421 omnibus
1119 1359 1259 1441 epistolis

117 1461 147 1521 et
168 1463 241 1540 post
262 1459 357 1523 fidem
381 1461 476 1524 talem
499 1462 663 1543 prohibeat
687 1462 808 1525 admitti
832 1465 863 1524 et
886 1462 1058 1525 admissum
1080 1480 1258 1525 0001111110-
1286 1491 1311 1527 ιο

114 1562 271 1627 nicatione
301 1564 458 1645 detrudat,
490 1565 555 1629 sine
587 1585 641 1648 spe
672 1566 860 1629 condicionis
891 1566 985 1628 ullius
1016 1569 1071 1628 aut
1096 1567 1258 1649 temporis,

112 1671 241 1732 nostrae
265 1671 365 1752 magis
389 1671 562 1734 sententiae
585 1670 720 1750 adsistit,
747 1688 815 1733 eam
839 1670 1064 1753 paenitentiam
1089 1671 1258 1734 ostendens

110 1772 278 1836 dominum
302 1774 407 1854 malle,
439 1792 518 1855 quae
542 1777 614 1838 ante
637 1774 747 1854 fidem,
777 1792 856 1855 quae
879 1778 952 1837 ante
975 1773 1134 1856 baptisma
1157 1778 1258 1838 morte

109 1877 285 1960 peccatoris
309 1878 410 1958 potior
432 1878 594 1958 habeatur,
618 1878 716 1941 semel
740 1878 876 1941 diluendi
899 1896 954 1960 per
982 1875 1099 1940 Christi
1122 1879 1257 1960 gratiam

109 1982 213 2045 semel
244 1999 299 2064 pro
330 1982 466 2064 peccatis
498 1983 611 2046 nostris
632 1973 742 2046 ‘morte
771 1982 880 2045 functi.
925 2000 999 2044 nam
1022 1981 1081 2044 hoc
1104 1982 1200 2045 etiam
1223 1983 1257 2045 in
1285 2011 1309 2049 15

110 2104 171 2148 sua
203 2103 336 2168 persona
366 2086 524 2168 apostolus
555 2087 675 2150 statuit.
722 2085 891 2148 adfirmans
923 2085 1006 2148 enim
1030 2085 1191 2148 Christum
1217 2086 1257 2149 ad

108 2190 172 2253 1100
196 2190 331 2270 uenisse,
354 2193 390 2254 ut
412 2193 590 2272 peccatores
614 2191 717 2254 saluos
741 2190 867 2269 faceret,
891 2208 1022 2270 quorum
1046 2189 1166 2271 primus
1189 2191 1256 2272 ipse

108 2295 236 2374 fuisset,
260 2295 332 2375 quid
356 2294 472 2357 adicit?
518 2298 553 2357 et
582 2294 880 2357 misericordiam
911 2312 990 2356 sum
1014 2297 1253 2373 consecutus,

109 2398 287 2480 quoniam
318 2399 496 2482 ignorans
526 2399 600 2461 leci
630 2399 667 2461 in
696 2398 975 2461 incredulitate.
1022 2397 1066 2460 ita
1088 2397 1254 2460 elementia

108 2503 166 2566 illa
197 2503 246 2565 dei
275 2503 422 2566 malentis
456 2502 681 2585 paenitentiam
715 2502 885 2583 peccatoris
919 2519 1013 2582 quarn
1048 2504 1180 2564 mortem
1214 2501 1252 2563 ad
1279 2529 1305 2566 10

108 2607 292 2690 ignorantes
323 2607 425 2670 adhuc
456 2609 487 2669 et
514 2607 615 2669 adhuc
637 2605 812 2669 incredulos
836 2608 970 2686 spectat,
1003 2622 1135 2685 quorum
1159 2622 1254 2667 causa

107 2711 344 2775 liberandorum
373 2710 497 2774 uenerit
519 2709 676 2789 Christus,
709 2727 770 2773 non
801 2709 854 2790 qui
884 2708 947 2771 iam
978 2709 1071 2771 deum
1094 2708 1199 2771 norint
1221 2712 1253 2771 et

109 2819 343 2880 sacramentnm
375 2815 539 2878 didicerint
564 2814 646 2877 fidei.
693 2814 774 2895 quod
798 2813 824 2875 si
846 2813 1013 2875 clementia
1035 2812 1084 2876 dei
1106 2812 1252 2895 ignoran-

108 2921 196 2984 tibus
226 2919 328 2984 adhuo
358 2923 390 2982 et
419 2919 598 2982 infidelibus
623 2918 785 3001 competit,
816 2917 922 2997 utique
946 2920 977 2979 et
999 2916 1191 2998 paenitentia
1213 2917 1252 2979 ad

108 3044 143 3088 se
168 3025 367 3089 elementiam
390 3023 514 3104 inuitat,
538 3024 628 3087 salua
647 3023 701 3086 illa
716 3020 926 3105 paenitentiae
942 3021 1043 3103 speeie
1059 3023 1130 3103 post
1145 3020 1251 3101 fidem,
1278 3047 1303 3086 rs

108 3147 192 3211 qnae
222 3133 277 3192 aut
306 3127 475 3192 leuioribus
503 3127 624 3190 delictis
647 3127 772 3190 neniam
796 3124 835 3188 ab
860 3124 1003 3207 episcopo
1026 3125 1174 3205 consequi
1197 3143 1251 3208 po·

107 3234 181 3297 terit
206 3236 260 3296 aut
282 3231 453 3296 maioribus
478 3239 509 3295 et
530 3229 803 3295 inremissibilibus
827 3247 846 3292 a
868 3228 925 3291 deo
949 3229 1024 3293 solo.

155 3334 213 3400 19,
236 3336 296 3402 Sed
323 3354 460 3418 quonam
488 3354 587 3416 usque
620 3335 657 3398 de
680 3334 788 3412 Paulo,
822 3334 946 3414 qnando
977 3334 1070 3398 etiam
1093 3335 1249 3398 lohannes

106 3441 213 3505 nescio
237 3442 311 3523 quid
334 3441 476 3504 diuersae
499 3440 581 3522 parti
602 3438 808 3522 subplaudere
824 3437 989 3501 uideatur?
1012 3438 1102 3519 quasi
1118 3439 1150 3500 in
1166 3437 1251 3520 Apo-

106 3546 228 3628 calypsi
258 3545 426 3609 manifeste
456 3543 654 3607 fornicationi
684 3543 823 3625 posuerit
852 3543 1060 3624 paenitentiae
1090 3542 1250 3622 auxilium,
1277 3568 1303 3606 eo

212 3708 438 3778 2]cf.Eph.5,ll.
475 3705 720 3776 3]ot.lCor.5‚ll.
756 3702 978 3773 llcf.ibid.3‚ll.
1018 3704 1248 3773 18]1Tim.l,16.

106 3796 155 3865 29]
175 3794 208 3850 ef.
228 3794 308 3864 Apoo.
322 3797 347 3859 2,
359 3797 394 3850 20
407 3810 464 3862 sqq.

151 3947 165 4000 1
190 3943 445 3998 demonstrationem
469 3943 510 3996 sui
532 3943 567 4008 B,
591 3941 648 3994 dari
671 3940 866 3993 restitutionem
890 3939 944 3993 suis
969 3941 1033 4007 Lat,
1057 3939 1249 4001 demonstrabo

104 4032 301 4093 mltionemsui
314 4032 457 4086 Heracliae
511 4029 603 4084 5deus
618 4029 675 4095 Gal,
688 4045 739 4083 010.
752 4028 779 4081 Β
833 4027 904 4095 ‘letl
917 4028 1031 4081 antLat
1085 4028 1247 4094 8quaadd.

108 4121 162 4175 Ura
216 4122 233 4175 8
251 4119 273 4172 si
283 4121 343 4173 -9
362 4117 515 4170 damnasset
530 4115 559 4182 0,
577 4133 626 4170 001.
641 4116 668 4168 Β
723 4116 755 4168 10
767 4130 783 4166 a
796 4113 1034 4168 communicatione
1049 4113 1112 4168 Gal:
1130 4113 1163 4166 ad
1177 4129 1248 4167 eom-

103 4205 315 4260 muuicationem
339 4207 366 4260 B
430 4206 462 4258 12
483 4202 588 4256 adsistit
608 4203 670 4255 Get:
689 4200 827 4253 adsciscite
846 4202 872 4255 Β
935 4203 966 4255 14
986 4199 1105 4253 diluendi
1126 4201 1189 4255 Gal:
1207 4201 1247 4255 di-

102 4293 219 4350 luendae
238 4295 265 4348 B
333 4295 364 4347 19
383 4290 508 4359 qnoniam
529 4290 560 4356 0,
578 4287 647 4358 quod
668 4290 694 4345 Β
761 4286 957 4344 2610010111)οε
978 4286 1247 4343 (r'clslenioribnsB

1250 4562 1351 4583 ..-
