2820 4914
495 338 569 394 VIII.
590 340 633 394 De
651 340 815 409 pudicitia
836 344 876 397 11).
1197 340 1260 403 263

124 490 235 575 iaibm
262 512 453 578 habebunt
481 515 607 596 istam,
639 519 674 580 et
700 535 760 580 ero
783 516 869 581 illis
893 517 996 596 dene,
1028 518 1064 578 et
1087 516 1146 578 illi
1169 514 1260 579 mihi

132 599 159 662 in
182 608 293 698 filios,
320 620 352 681 et
375 618 420 682 ita
442 619 647 685 subiunxerit:
679 620 821 685 timidis
846 623 969 684 autem
993 622 1029 682 et
1051 620 1258 683 incredulis

136 706 161 767 li
181 722 411 805 propudiosis
435 726 470 787 et
492 723 789 789 fornicatoribus
806 729 847 789 -et
869 724 1067 789 homicidis
1092 727 1129 788 et
1151 743 1258 788 uene-

63 840 67 845 ·
138 807 204 888 sicis
233 829 268 890 ot
296 826 511 891 idololatris
542 829 729 911 particula
758 830 794 893 in
825 832 959 912 stagno
990 827 1089 910 ignis
1120 830 1156 891 et
1185 829 1258 892 sul-

58 914 73 1025 J
135 919 259 1010 lhuris,
293 930 388 1011 quod
419 934 475 994 est
505 948 601 995 mors
632 934 805 996 secunda.
862 933 907 995 sio
937 935 968 995 et
996 949 1119 995 rursus:
1154 930 1257 994 beati
1297 958 1310 996 ⁵

58 1038 68 1121 J
135 1032 179 1108 qui
207 1053 248 1097 ex
277 1035 489 1118 praeceptis
520 1040 649 1119 agunt,
680 1040 720 1101 ut
746 1037 781 1100 in
805 1037 948 1120 lignum
971 1036 1071 1099 uitae
1094 1034 1258 1098 habeant

127 1140 344 1214 potestatem
374 1143 410 1202 et
439 1139 476 1202 in
506 1144 632 1222 portas
665 1141 707 1204 ad
739 1140 1004 1204 introeundum
1027 1140 1064 1203 in
1089 1142 1257 1202 sanctam

58 1272 60 1277 ·
125 1240 319 1307 ciuitatem.
355 1261 466 1308 canes
489 1244 666 1323 uenefici,
689 1245 913 1325 fornicator,
937 1242 1256 1324 homicidaforaS,

122 1346 220 1428 utane
243 1347 296 1428 qui
326 1365 388 1411 nou
420 1367 456 1411 ex
486 1349 659 1431 praecepte
691 1352 795 1432 agant.
842 1349 966 1413 illorum
994 1351 1042 1412 est
1066 1347 1150 1411 enirn
1173 1347 1256 1410 foras

117 1449 181 1514 dari
203 1452 256 1532 qni
277 1452 363 1515 intus
386 1452 522 1516 fuerunt.
568 1454 707 1516 ceterum
735 1453 818 1534 quid
851 1451 939 1516 mihi
970 1470 1046 1531 eos,
1080 1452 1140 1532 qui
1162 1451 1255 1515 foris
1283 1479 1309 1516 10

113 1558 216 1635 sunt,
246 1555 435 1620 iudicare?
465 1561 686 1639 praecesserat.
710 1596 713 1600 -
734 1556 771 1620 de
802 1556 933 1639 epistola
962 1574 1084 1637 quoque
1107 1555 1255 1619 Iohannis

111 1662 246 1743 carpunt
273 1661 391 1724 statim.
438 1660 555 1724 dictum
586 1665 648 1724 est:
680 1661 834 1744 sangnis
865 1660 941 1723 filii
972 1660 1049 1723 eius
1080 1659 1256 1723 emundat

107 1781 177 1827 nos
210 1763 256 1827 ab
286 1764 385 1827 omni
415 1764 563 1829 delicto.
607 1783 731 1847 semper
762 1782 835 1848 ergo
866 1767 898 1828 11
928 1762 1127 1827 omnifariam
1157 1762 1255 1826 delin-

105 1886 260 1950 quemus,
292 1868 319 1931 si
342 1886 466 1951 semper
489 1872 521 1933 et
544 1867 582 1932 ab
607 1868 692 1932 omni
715 1869 827 1932 delicto
851 1868 1001 1932 emundat
1023 1885 1080 1931 nos
1102 1867 1171 1941 ille;
1200 1870 1255 1930 aut

104 1972 135 2036 si
158 1990 224 2036 non
247 1991 381 2055 semper,
409 1991 471 2036 non
496 1972 591 2037 etiarn
614 1976 686 2056 post
712 1972 817 2053 fidem,
846 1975 878 2036 et
909 1973 934 2036 si
965 1991 1027 2036 non
1058 1971 1097 2035 ab
1129 1971 1254 2052 delicto,
1282 1999 1307 2039 15

104 2094 174 2140 non
206 2076 343 2148 etiama
364 2076 579 2141 fornicatione.
631 2077 714 2141 unde
742 2080 847 2141 autem
879 2093 1005 2141 exorsus
1035 2079 1104 2140 est?
1147 2076 1255 2139 lumen

103 2181 308 2264 praedixerat
335 2180 428 2244 deum
452 2185 483 2246 et
506 2182 652 2245 tenebras
676 2199 738 2245 non
762 2200 831 2245 esse
854 2181 887 2245 in
910 2181 963 2245 illo
987 2185 1018 2246 et
1040 2181 1165 2244 mentiti
1187 2198 1254 2260 nos,

103 2286 135 2350 si
166 2285 308 2350 dieamus
339 2304 395 2351 nos
427 2285 680 2350 communionem
711 2285 825 2350 habere
853 2304 924 2350 cum
948 2304 984 2349 eo
1008 2290 1038 2349 et
1060 2286 1092 2349 in
1116 2284 1255 2349 tenebris

103 2390 303 2454 incedamus.
350 2391 504 2470 sinere,
535 2390 652 2472 inquit,
683 2391 719 2454 in
741 2391 883 2454 lumine
906 2391 1137 2470 incedamus,
1161 2407 1254 2454 eom-

106 2495 326 2559 munionem
349 2513 430 2559 curn
454 2514 493 2559 eo
516 2494 758 2575 habebimus,
783 2499 818 2559 et
840 2495 993 2579 sanguis
1011 2495 1097 2558 Iesu
1114 2483 1306 2560 Christi'ro

112 2599 256 2663 domini
285 2599 406 2663 nostri
438 2599 613 2663 emundat
643 2618 707 2663 nos
740 2599 781 2663 ab
810 2599 909 2663 omni
931 2599 1079 2663 delicto.
1125 2615 1198 2681 ergo
1220 2599 1253 2661 in

106 2703 228 2767 lumine
250 2703 430 2768 incedentes
451 2703 662 2784 delinquimus
679 2703 758 2768 etin
774 2703 893 2767 lumine
910 2703 1125 2784 delinquentes
1142 2720 1252 2765 emun-

108 2806 278 2871 dabimur?
324 2808 409 2871 nullo
438 2811 539 2890 paeto.
586 2809 639 2890 qui
669 2808 753 2871 enim
784 2807 947 2889 delinquit,
978 2824 1040 2870 non
1071 2806 1104 2870 in
1133 2805 1253 2870 lumine

108 2914 171 2990 est,
194 2911 303 2975 sedin
325 2911 473 2976 tenebris.
508 2913 591 2976 unde
614 2916 646 2976 et
668 2913 813 2993 ostendit,
837 2912 991 2994 quomodo
1012 2910 1254 2975 emundabimur

110 3034 130 3079 a
154 3014 266 3079 delicto
289 3015 322 3079 in
344 3015 464 3101 lumine
487 3016 675 3096 incedentes
699 3016 730 3080 in
755 3035 815 3098 quo
831 3016 980 3080 delictum
996 3016 1046 3099 agi
1062 3034 1124 3079 non
1139 3019 1251 3097 potest.
1280 3041 1305 3081 11

109 3138 129 3184 1
154 3119 211 3183 deo
234 3119 279 3184 sio
302 3121 465 3184 emundari
489 3139 545 3184 nos
569 3121 707 3201 11111111
732 3122 821 3202 quasi
845 3121 1074 3202 delinquamus,
1104 3120 1159 3184 sed
1182 3121 1255 3201 quia

108 3242 173 3288 non
206 3224 433 3306 delinquamus.
480 3225 660 3289 incedentes
692 3227 775 3289 enim
799 3226 831 3289 in
854 3225 988 3305 lumine,
1019 3225 1156 3290 tenebris
1180 3243 1253 3289 uero

109 3344 175 3392 non
198 3328 476 3409 communicantes
501 3329 661 3393 emundati
685 3347 826 3412 agemus,
852 3347 913 3394 non
937 3329 1090 3412 deposito,
1113 3328 1168 3392 sed
1191 3347 1253 3392 non

108 3431 249 3496 admisso
281 3432 403 3496 delicto.
456 3432 533 3496 haec
564 3437 612 3496 est
642 3433 725 3497 enim
756 3433 804 3497 uis
836 3434 980 3498 dominici
1011 3432 1187 3517 sanguiniS,
1218 3437 1253 3497 nt

109 3554 189 3618 quos
220 3535 283 3599 iam
306 3554 325 3600 a
348 3537 459 3601 delicto
483 3538 642 3602 mundarit
665 3541 696 3602 et
719 3539 826 3602 exinde
849 3539 883 3602 111
904 3538 1023 3603 lumine
1047 3537 1252 3617 constituerit,
1278 3563 1304 3601 eo

206 3715 473 3814 'sJAposmrrsq
512 3744 734 3814 1111111111.
772 3745 982 3814 ramnum.
1020 3743 1250 3814 19]ibid.1‚5sq.

153 3936 171 3989 4
188 3935 320 4004 particula
338 3935 366 3988 in
386 3935 449 3990 aer:
466 3935 625 4004 particulam
643 3937 671 3990 B
742 3940 759 3992 8
777 3952 855 3990 senes
872 3935 984 3990 uenefici
1002 3935 1063 4002 BC,
1082 3935 1154 3989 canis
1173 3951 1251 3988 uene-

107 4023 176 4076 ficus
198 4023 248 4078 aer
317 4022 451 4076 homicida
471 4024 533 4078 cer:
555 4022 704 4076 homicidae
723 4025 750 4077 B
821 4026 886 4079 9ex
903 4023 967 4078 odd.
988 4024 1037 4079 Ger
1113 4025 1145 4078 13
1169 4021 1252 4075 delin-

107 4124 223 4178 quemus
235 4109 297 4164 Ger:
311 4109 489 4177 delinquimus
499 4111 525 4163 B
575 4110 606 4164 14
620 4109 748 4164 emundat
760 4126 808 4163 nos
820 4112 882 4166 Gel:
895 4109 1079 4164 emundandus
1089 4110 1116 4163 B
1165 4111 1252 4163 16111-

106 4211 185 4250 orsus
214 4196 272 4248 est‘l
303 4195 395 4249 lumen
424 4197 486 4251 Gel:
516 4211 636 4249 exorsum
665 4199 705 4250 est
730 4197 823 4250 lumen
850 4199 878 4252 B
967 4200 999 4252 25
1028 4213 1081 4249 non
1107 4197 1171 4250 add.
1202 4196 1252 4251 Gel

105 4281 299 4340 1611111111
352 4282 427 4350 quasi
445 4285 480 4352 B,
499 4298 551 4350 qua
568 4283 640 4338 Pam
692 4283 754 4350 quia
772 4285 808 4353 B,
827 4301 878 4352 qua
896 4285 968 4339 Pom
1026 4286 1060 4339 30
1079 4300 1094 4336 a
1111 4283 1175 4338 add.
1194 4283 1251 4339 Lar
