2820 4914
415 378 451 432 Π,
470 379 514 431 De
532 378 727 433 idololatria
746 382 855 434 15-16.
1158 378 1202 442 49

58 552 149 616 ditos
179 553 413 638 magistratibus
448 556 479 617 et
507 554 695 636 principibus
730 557 761 617 et
789 553 1005 635 potestatibus,
1038 554 1091 617 sed
1121 554 1203 616 intra

58 657 183 721 limites
199 658 386 740 disciplinae,
402 677 562 740 quousque
579 658 617 722 ab
633 658 805 722 idololatria
820 676 1009 740 separamur.
1039 661 1204 740 propterea

63 762 152 825 enirn
176 765 207 826 et
227 763 304 826 illud
327 764 501 845 exemplum
524 763 618 826 trium
640 763 772 826 fratrum
799 763 1018 844 praecucurrit,
1049 763 1101 844 qui
1128 763 1203 826 ahas

63 865 274 948 obsequentes
297 886 373 951 erga
386 887 493 950 regern
508 867 792 932 Nabuchodonosor
808 869 956 932 honorem
976 867 1121 950 imaginis
1139 867 1203 930 eius

66 972 319 1036 constantissime
341 975 526 1055 respuerunt
548 971 716 1054 probantes
739 972 934 1036 idololatrian
958 991 1036 1052 esse,
1061 971 1204 1053 quicquid
1244 995 1256 1034 5

68 1074 153 1138 ultra
182 1075 311 1139 humani
339 1076 463 1140 honoris
495 1076 622 1139 modum
653 1077 692 1139 ad
721 1076 820 1139 instar
850 1076 973 1139 diuinae
1004 1075 1204 1139 sublimitatis

68 1179 234 1243 extollitur.
266 1181 310 1244 sic
332 1183 363 1244 et
384 1181 496 1244 Daniel
520 1183 623 1244 cetera
644 1180 738 1243 Dario
766 1180 915 1244 subnixus
942 1180 1061 1243 tamdiu
1089 1179 1148 1243 fuit
1173 1179 1206 1242 in

69 1282 182 1363 officio,
214 1284 361 1366 quamdiu
392 1302 410 1347 a
439 1285 575 1366 periculo
607 1285 786 1366 disciplinae
817 1288 953 1348 uacaret.
1001 1303 1074 1347 narn
1105 1302 1144 1347 ne
1174 1282 1205 1345 id

69 1387 198 1468 subiret,
222 1407 284 1452 non
306 1389 406 1472 magis
429 1389 534 1453 leones
558 1390 659 1472 regios
684 1390 796 1469 timuit,
820 1408 915 1471 quam
930 1389 976 1453 illi
990 1390 1091 1472 regios
1106 1389 1205 1472 ignes.

69 1493 242 1557 accendant
270 1494 366 1576 igitur
388 1494 522 1575 quotidie
545 1495 699 1574 lucernae,
730 1493 843 1576 quibus
871 1494 923 1557 lun
955 1494 1042 1557 nulla
1072 1495 1129 1572 est,
1161 1491 1207 1555 af·
1234 1518 1259 1556 ιο

68 1596 169 1679 figant
190 1597 330 1678 postibus
353 1599 456 1661 lauros
480 1599 679 1680 postmodum
701 1616 836 1678 arsuras,
861 1598 970 1680 quibus
993 1598 1081 1681 ignes
1104 1596 1207 1659 immi·

69 1705 163 1776 nent;
198 1702 258 1765 illis
292 1705 472 1784 competunt
502 1705 533 1766 et
566 1703 745 1767 testimonia
775 1703 975 1766 tenebrarum
1008 1706 1039 1766 et
1070 1701 1208 1783 auspicia

14 1812 50 1864 17
68 1824 250 1887 poenarum.
281 1804 356 1888 lTu
386 1807 494 1871 lumen
522 1826 554 1871 es
582 1807 690 1871 mundi
714 1810 744 1871 et
767 1807 857 1871 arbor
881 1808 985 1870 uirens
1010 1824 1143 1887 semper.
1183 1805 1209 1868 si

68 1911 196 1992 templis
219 1912 412 1991 renuntiasti,
435 1931 473 1975 ne
497 1912 606 1976 feceris
634 1912 787 1993 templum
814 1912 940 1999 ianuam
968 1916 1065 1975 tuam.
1104 1910 1208 1973 minus

69 2014 148 2078 dixi:
172 2016 199 2078 si
220 2015 421 2098 lupanaribus
444 2016 638 2096 renuntiasti,
663 2036 701 2079 ne
724 2016 861 2079 indueris
879 2017 985 2080 domui
1007 2019 1080 2080 tuae
1096 2014 1208 2079 faciem
1237 2039 1261 2079 15

70 2119 146 2181 noui
167 2119 335 2201 lupanaris.
540 2104 543 2116 ’
592 2106 596 2113 ’

116 2222 166 2286 16.
190 2223 277 2288 Circa
300 2223 401 2287 officia
422 2243 495 2288 uero
518 2225 710 2306 priuatarum
735 2227 767 2288 et
782 2225 995 2288 communium
1018 2223 1209 2288 sollemnita-

70 2333 150 2407 tum,
173 2330 209 2391 ut
230 2331 322 2411 togae
344 2347 450 2410 purae,
473 2331 509 2392 ut
531 2329 732 2411 sponsalium,
761 2332 796 2393 ut
823 2330 1018 2412 nuptialium,
1049 2333 1084 2392 ut
1111 2328 1210 2392 1111111-

70 2434 200 2512 nalium,
223 2433 346 2496 nullum
368 2435 475 2514 putem
498 2433 671 2516 periculum
687 2432 847 2497 obseruari
863 2434 900 2496 de
916 2433 992 2497 flatu
1007 2433 1209 2512 idololatriae,

69 2556 151 2619 quae
172 2537 348 2600 interuenit.
388 2555 499 2601 causae
523 2537 606 2600 enim
630 2540 703 2601 sunt
718 2539 969 2618 considerandae,
993 2536 1104 2619 quibus
1120 2556 1210 2618 prae·
1237 2564 1263 2602 eo

70 2645 172 2706 statur
195 2641 341 2705 officium.
380 2659 432 2705 eas
455 2641 588 2705 mundas
612 2661 679 2705 esse
703 2643 810 2723 opinor
836 2662 892 2725 per
920 2642 1112 2723 semetipsas
1137 2641 1210 2722 quia

69 2764 172 2827 neque
195 2746 328 2809 uestitus
351 2746 447 2809 uirilis
470 2764 571 2827 neque
594 2747 706 2809 anulus
731 2750 784 2809 aut
807 2747 980 2810 coniunctio
997 2745 1147 2809 maritalis
1171 2745 1208 2808 de

68 2851 202 2914 alicuius
225 2850 297 2914 idoli
319 2850 434 2914 honore
457 2849 624 2913 descendit.
663 2851 785 2914 nullum
814 2851 944 2933 denique
967 2851 1087 2914 cultum
1111 2868 1130 2912 a
1152 2849 1208 2912 deo

16 2943 21 2950 ’
69 2955 275 3018 maledictum
308 2954 449 3033 inuenio,
482 2955 542 3017 nisi
574 2954 761 3019 muliebrem
794 2956 826 3018 in
860 2956 936 3020 uiro.
984 2955 1209 3019 maledictus

68 3059 185 3138 enim,
206 3059 316 3140 inquit,
339 3059 457 3123 omnis
481 3059 542 3140 qui
563 3058 810 3123 muliebribus
833 3060 1010 3123 induitur.
1046 3062 1119 3142 toga
1135 3076 1209 3122 uero
1236 3087 1262 3125 25

69 3163 168 3228 etiam
198 3163 403 3246 appellatione
432 3163 528 3226 uirilis
560 3167 615 3227 est.
659 3164 784 3246 nuptias
814 3182 936 3245 quoque
967 3163 1118 3227 celebrari
1147 3181 1210 3226 non

69 3267 174 3350 magis
196 3267 271 3330 deus
294 3266 438 3349 prohibet
461 3286 554 3349 quam
577 3286 691 3332 nomen
714 3269 840 3352 imponi.
879 3269 933 3332 sed
960 3268 1007 3331 his
1036 3285 1210 3331 accommo-

69 3372 187 3435 dantur
210 3370 366 3435 sacrificia.
399 3372 458 3434 sim
481 3376 609 3435 uocatus
633 3392 690 3436 nec
714 3372 895 3436 adsacrificii
918 3373 958 3436 sit
981 3373 1090 3436 titulus
1107 3372 1209 3452 officii,

179 3561 223 3630 13]
242 3562 274 3615 of.
288 3561 384 3616 Matth.
397 3565 421 3626 5,
436 3564 475 3617 14.
495 3562 539 3616 Ps.
554 3565 576 3627 1,
590 3566 613 3618 3.
667 3564 713 3633 24]
733 3564 812 3616 Dent.
832 3566 873 3628 22,
887 3567 910 3618 5.

118 3718 285 3773 3frat1uum
302 3719 329 3772 A
390 3718 642 3774 lnabucodonoscr
659 3722 686 3775 A
748 3720 855 3775 6ultra
872 3738 922 3776 om.
936 3721 963 3774 A
1029 3718 1166 3774 lextollit
1183 3720 1211 3773 A

71 3808 178 3861 caetera
198 3807 225 3860 A
300 3808 317 3861 9
338 3805 379 3858 illi
400 3806 509 3875 ABmp,
532 3806 578 3859 ille
600 3808 627 3861 B
699 3810 731 3862 10
755 3807 882 3860 accedant
906 3808 933 3861 A
1004 3805 1100 3859 cotidie
1123 3808 1150 3861 Β
1172 3808 1212 3862 stc

70 3910 177 3962 semper
237 3891 357 3960 adfigent
374 3894 401 3947 Β
467 3895 500 3947 12
519 3897 545 3946 et
563 3911 614 3948 om.
632 3894 659 3947 A
722 3892 893 3947 tenebrarum
911 3911 961 3949 om,
981 3894 1009 3947 A
1062 3893 1099 3961 et]
1119 3895 1211 3946 autA

72 3984 108 4036 15
127 3979 199 4034 domi
217 3982 244 4035 Β
315 3983 346 4035 17
370 3980 586 4034 eommunieeum
608 3981 635 4034 A
707 3983 739 4037 18
762 3982 916 4049 nuptiarum
934 3983 1006 4050 Bmp
1077 3981 1211 4037 1911111-

70 4067 142 4122 triae
166 4069 195 4122 A
264 4069 298 4121 20
325 4082 391 4135 quae
418 4085 468 4123 om.
489 4070 516 4122 A
591 4069 625 4122 26
652 4067 827 4136 appellatione
856 4068 919 4122 Gal:
945 4067 1129 4136 appellationis
1156 4068 1218 4121 ΑΒ

70 4158 108 4211 28
135 4154 186 4208 sim
212 4156 322 4207 uocatus
348 4155 384 4222 A,
412 4153 434 4207 si
461 4155 600 4208 inuocatus
626 4156 663 4218 B,
689 4154 712 4207 si
738 4155 767 4208 in
794 4157 889 4208 uocatu
919 4154 976 4221 Gal,
1005 4155 1027 4208 si
1054 4155 1104 4207 sim
1132 4168 1210 4206 uoca-

70 4247 118 4296 tus
140 4241 244 4311 Uram
266 4241 364 4294 necin
386 4244 483 4295 uocatu
506 4242 563 4296 Lat
650 4241 805 4296 adsacrificii
823 4243 892 4312 Rq:
915 4241 949 4294 ad
972 4240 1106 4294 sacrificiis
1124 4242 1159 4307 A,
1182 4240 1211 4292 in

71 4329 210 4383 sacrifieiis
233 4330 261 4383 B

125 4425 168 4466 XX.
183 4424 242 4464 Tert.
252 4423 270 4463 1.
1038 4419 1055 4465 4
