2820 4914
191 401 229 454 VI
672 401 849 455 Praefatio.

193 594 299 640 earum
326 578 505 660 propediem
536 577 687 641 rationem
717 577 826 640 reddet
849 575 1023 641 Guilelmus
1047 576 1158 640 Hartel
1186 577 1216 638 in
1245 593 1330 639 com-

191 682 384 745 mentatione
408 683 484 745 actis
507 682 685 746 academiae
703 680 872 745 Caesareae
884 681 1134 745 Vindobonensis
1155 680 1329 744 inserenda.

192 785 323 867 denique
347 803 409 849 non
433 786 628 850 mediocriter
657 787 752 850 adiuti
779 804 887 849 sumus
915 784 1043 848 Adolfi
1073 785 1246 849 Harnaclr
1269 785 1330 847 Be-

192 890 355 953 rolinensis
378 890 538 970 beneficio,
563 891 615 971 qui
635 890 770 973 plagulis
786 890 930 972 perlectis
947 889 1161 953 adnotationes
1178 889 1330 970 quasdam

193 1013 265 1057 suas
297 997 327 1057 et
357 994 548 1058 coniecturas
572 996 701 1058 comiter
724 993 888 1058 nobiscum
911 994 1168 1068 communicauit;
1200 994 1248 1056 cui
1271 993 1331 1055 hoc

193 1118 313 1180 quoque
335 1099 402 1162 loco
426 1099 546 1162 debitas
569 1099 688 1182 gratias
712 1092 803 1182 agere
825 1099 996 1162 iucundum
1020 1102 1075 1162 est.

236 1203 342 1267 Totius
372 1207 477 1266 autem
505 1203 649 1267 editionis
672 1223 727 1286 per
749 1203 810 1267 tria
833 1204 993 1267 uolumina
1016 1202 1224 1285 disponendae
1248 1202 1331 1264 hunc

192 1309 334 1371 ordinem
364 1327 432 1371 0000
464 1308 563 1371 001011
585 1307 868 1387 Reifferscheidius,
899 1311 934 1370 ut
964 1307 1036 1371 huic
1061 1308 1161 1389 primo
1185 1310 1269 1370 tomo
1294 1324 1332 1368 ea

193 1411 378 1475 Tertulliani
402 1413 517 1494 scripta
540 1413 719 1492 destinaret,
744 1431 823 1493 quae
847 1413 955 1476 autin
979 1412 1043 1475 solo
1059 1411 1258 1495 Agobardino
1280 1429 1332 1473 co-

193 1516 260 1580 dice
295 1516 435 1579 omnium
468 1517 691 1599 pretiosissimo
727 1520 892 1580 seruantur
923 1520 977 1580 aut
1009 1517 1103 1579 nullis
1135 1516 1333 1580 continentur

192 1620 280 1684 libris
315 1621 534 1704 manuscriptis
565 1622 655 1685 hodie
686 1621 917 1704 superstitibus
950 1621 995 1684 ita
1026 1623 1061 1684 ut
1090 1621 1129 1683 ad
1160 1619 1331 1683 editionum

193 1729 345 1805 ueterum,
369 1726 510 1808 inprimis
527 1724 748 1809 Gangneianae
768 1725 861 1788 fidem
885 1726 1075 1788 recensenda
1097 1725 1168 1788 sint.
1179 1723 1202 1807 1)
1237 1741 1331 1804 quam

194 1829 429 1913 dispositionem
451 1830 496 1893 ita
518 1849 741 1912 persequemur
764 1829 796 1893 in
820 1829 1021 1910 sequentibus
1045 1828 1267 1907 uoluminibus,
1298 1830 1333 1890 ut

194 1934 284 1998 alteri
310 1934 487 1998 tribuantur
510 1938 541 1998 et
563 1935 681 2015 reliqua
703 1934 774 1998 libri
796 1933 991 2017 Agobardini
1014 1933 1129 2015 scripta
1152 1935 1183 1995 et
1205 1932 1226 1994 ii
1249 1930 1331 2009 libri,

194 2057 326 2120 quorum
348 2039 487 2102 recensio
510 2038 667 2102 codicibus
692 2039 801 2101 nititur
824 2038 947 2102 sacculo
971 2037 1079 2118 quinto
1103 2037 1221 2100 decimo
1243 2039 1333 2098 uetu-

195 2142 357 2222 stioribus,
395 2143 486 2207 tertio
521 2143 665 2224 quicquid
700 2143 772 2206 solis
806 2141 893 2206 libris
927 2141 1055 2205 nouiciis
1089 2141 1240 2204 traditum
1274 2142 1331 2202 cst.

195 2248 325 2311 edentur
348 2251 454 2311 autem
476 2247 553 2310 haec
573 2247 734 2311 uolumina
749 2265 767 2310 0
783 2245 941 2329 Georgio
956 2247 1149 2325 Wissowa,
1174 2244 1227 2326 qui
1246 2243 1332 2307 iussu

195 2353 371 2415 academiae
397 2351 567 2416 Caesareae
590 2350 838 2415 Vindobonensis
862 2350 1113 2414 Reifferscheidio
1141 2349 1173 2412 in
1199 2366 1332 2411 uacuam

194 2457 385 2538 prouinciam
413 2456 573 2535 successit,
604 2455 692 2536 isque
716 2456 748 2518 in
771 2455 1000 2537 prolegomenis
1024 2455 1114 2518 alteri
1136 2458 1220 2517 tomo
1244 2470 1333 2534 prae-

194 2561 354 2624 mittendis
367 2579 495 2643 operum
508 2559 791 2623 Tertulliancorum
802 2560 964 2623 historiam
976 2560 1117 2623 criticam
1129 2559 1228 2622 fusius
1245 2575 1334 2620 enar-

194 2663 285 2728 rabit.
330 2664 389 2727 hoc
417 2680 491 2728 uero
514 2664 581 2727 1000
605 2665 642 2727 de
666 2663 812 2727 subsidiis
836 2663 950 2727 criticis
975 2682 1011 2726 ea
1034 2666 1168 2742 tantum,
1199 2663 1333 2742 quaein

194 2769 252 2832 hoc
275 2768 374 2850 primo
397 2768 557 2831 uolumine
582 2767 756 2832 adhibendo
780 2767 906 2831 scienda
930 2769 1012 2847 sunt,
1037 2785 1132 2848 quam
1148 2766 1333 2829 breuissime

196 2872 462 2952 adumbrabimus,
498 2873 689 2955 argumentis
724 2872 888 2954 posteriori
922 2871 967 2935 illi
1000 2870 1256 2935 commentationi
1285 2888 1333 2931 re-

196 2977 338 3040 seruatis.

239 3082 356 3147 Omnes
380 3083 532 3162 quotquot
554 3084 678 3144 exstant
693 3080 877 3144 Tertulliani
899 3080 994 3145 libros
1017 3079 1245 3161 manuscriptos
1262 3096 1332 3140 cum

140 3187 170 3250 A
197 3191 297 3252 aetate
321 3189 390 3250 tum
404 3185 504 3269 pretio
520 3185 612 3267 longe
636 3185 733 3248 uincit
756 3186 849 3249 codex
864 3185 1057 3249 Parisinus
1080 3184 1223 3247 latinus
1250 3181 1332 3244 1622

195 3292 454 3357 membranaceus
478 3308 557 3353 saec.
575 3290 631 3370 IX,
655 3289 707 3370 qui
722 3289 943 3372 Agobardinus
967 3289 1061 3372 uulgo
1085 3289 1170 3352 audit
1193 3288 1332 3370 aprime

194 3414 372 3480 possessore
396 3393 563 3478 Agobardo
595 3394 737 3476 episcopo
760 3394 975 3476 Lugdunensi;
1007 3394 1043 3456 de
1074 3394 1161 3456 cuius
1191 3392 1263 3455 libri
1286 3393 1333 3455 hi-

195 3504 290 3566 storia
312 3501 403 3564 hodie
427 3499 578 3562 uidendus
603 3502 651 3562 est
682 3498 965 3562 Maximilianus
992 3498 1238 3577 Klussmann,
1274 3493 1332 3559 Co-

195 3626 313 3667 rurum
330 3600 631 3666 Tertullioneurum
645 3599 832 3686 particulae
849 3610 913 3664 trec
929 3599 1173 3685 ((1010001887)
1190 3622 1218 3684 p.
1232 3599 1251 3662 6
1265 3620 1330 3682 sqq.

196 3714 244 3773 est
273 3708 353 3773 liber
382 3709 500 3772 formae
532 3707 694 3789 oblongae,
724 3711 836 3789 patens
866 3707 899 3769 in
927 3707 1125 3770 altitudinem
1148 3707 1334 3769 centimetra

195 3840 402 3850 ————-

241 3916 259 3984 1)
278 3915 311 3967 10
328 3915 378 3967 hac
396 3914 511 3967 editione
528 3913 610 3967 libros
629 3914 674 3982 qui
687 3912 823 3982 Agebardi
842 3912 930 3971 codice
950 3913 1120 3967 continentur
1133 3911 1225 3966 ordine
1242 3928 1333 3965 corum

196 4005 301 4056 seruato
319 4003 436 4070 excipere
460 4001 592 4055 debebant
614 4002 633 4054 ii
656 4002 701 4070 qui
721 4001 858 4069 Gangneio
877 4000 1015 4064 debentur,
1038 4003 1065 4054 ct
1086 4001 1196 4054 fortasse
1215 4016 1262 4054 nos
1281 4016 1333 4052 non

196 4092 266 4144 recte
285 4089 405 4152 fecimus,
425 4086 494 4155 quod
514 4088 767 4152 Reifferscheidium,
791 4088 836 4156 qui
859 4088 978 4141 ordinem
998 4087 1030 4140 ab
1049 4087 1161 4141 Oehlcro
1179 4088 1333 4141 institutum

196 4177 303 4245 recepit,
327 4176 456 4245 corrigere
480 4175 621 4229 noluimus.
658 4192 690 4228 ne
714 4175 777 4242 quid
805 4191 867 4227 nero
894 4175 1040 4243 legentium
1068 4175 1241 4227 commoditas
1267 4174 1333 4226 dosi-

197 4264 301 4316 dcraret
318 4262 448 4316 librorum
467 4262 549 4315 indici
572 4262 729 4331 praefationi
754 4262 854 4314 adnexo
873 4262 940 4329 sigla
959 4261 1088 4324 codicum,
1113 4261 1207 4328 quibus
1231 4259 1335 4328 singula.

197 4350 324 4419 opuscula
342 4350 520 4412 continentur,
540 4348 690 4402 adiecimus
