2820 4914
516 317 576 370 vn.
596 319 639 371 De
658 317 822 386 baptismo
841 321 952 374 15-18.
1238 318 1304 382 ‘215

206 494 290 557 rinde
313 498 343 557 et
367 492 555 576 baptismus,
585 512 683 582 aeque
706 495 755 557 dei
777 512 902 572 census,
931 492 972 556 ah
994 494 1140 557 omuibus
1169 495 1302 557 exerceri

203 599 273 662 test.
313 599 368 662 sed
382 589 508 689 ffquanto
531 599 744 681 magis‘laicis
766 598 930 680 disciplina
953 597 1158 661 uerecundiae
1182 602 1211 661 et
1236 617 1303 662 nuo-

192 703 280 766 stiae
296 702 461 782 incumbit,
477 722 548 766 cum
564 721 601 765 ea
616 702 787 766 maioribus
802 706 993 785 competant,
1009 720 1048 765 ne
1060 701 1122 766 sibi
1133 702 1300 766 adsumant

185 811 299 870 »catum
322 808 476 890 episcopis
498 807 659 872 officium?
686 808 885 889 episcopatus
908 807 1077 871 aemulatio
1092 806 1301 870 schismatum

178 914 263 975 later
286 916 344 976 est.
383 912 490 976 omnia
511 912 604 975 licere
627 911 703 975 dixit
726 912 943 975 sanctissimus
966 911 1137 995 apostolus,
1160 911 1215 974 sed
1238 930 1300 974 uon
1340 938 1354 975 ⁵

175 1017 265 1080 mnia
295 1016 447 1099 expedire.
486 1015 622 1079 sufficiat
653 1016 770 1079 scihcet
801 1016 834 1078 in
862 1015 1099 1079 necessitatibus
1127 1022 1161 1078 ut
1191 1016 1301 1094 utaris,

164 1111 260 1183 sicubi
291 1124 346 1184 aut
373 1121 431 1183 loci
457 1126 512 1184 aut
534 1120 685 1202 temporis
707 1124 764 1183 aut
784 1137 936 1202 personae
962 1119 1101 1183 condicio
1128 1119 1299 1201 compellit.

160 1214 234 1288 tuno
257 1224 343 1289 enim
366 1225 544 1289 constantia
564 1225 774 1288 succurrentis
790 1225 951 1306 excipitur,
974 1243 1047 1287 cum
1062 1229 1151 1307 urget
1167 1225 1299 1288 circnm-
1349 1306 1353 1311 .

163 1330 276 1393 stantia
290 1329 508 1412 periclitantis,
525 1330 673 1412 quoniam
688 1349 761 1393 reus
778 1330 836 1393 erit
850 1329 964 1412 perditi
979 1329 1127 1409 hominis,
1147 1330 1175 1393 si
1190 1350 1327 1413 super-l.

161 1434 272 1498 sederit
292 1439 453 1517 praestare
475 1435 557 1516 quod
572 1434 671 1498 libere
686 1434 796 1516 potuit.
834 1434 1008 1516 petulantia
1024 1438 1129 1497 autem
1146 1416 1298 1514 mulieris,
1327 1461 1352 1499 m

158 1557 236 1620 quae
266 1539 431 1621 usurpauit
461 1539 580 1618 docere,
611 1539 719 1619 utique
749 1557 812 1602 non
842 1538 936 1601 etiam
966 1538 1129 1622 tinguendi
1159 1539 1207 1602 ius
1237 1539 1297 1603 sihi

152 1643 268 1726 pariet,
298 1643 360 1728 nisi
382 1643 409 1706 si
431 1662 510 1724 quae
533 1661 617 1708 noua
637 1643 740 1707 bestia
761 1644 900 1706 euenerit
923 1643 1035 1706 similis
1061 1643 1223 1724 pristinae,
1253 1648 1297 1723 nt,

136 1748 423 1829 ·quemadmodum
452 1749 509 1832 illa
536 1747 732 1830 baptismum
763 1747 934 1827 auferebat,
968 1747 1014 1811 ita
1043 1747 1150 1830 aliqua
1177 1768 1233 1830 per
1263 1768 1297 1812 se

150 1871 229 1916 enm
265 1852 414 1916 conferat.
459 1853 570 1933 quodsi
604 1869 683 1934 quae
718 1851 809 1915 Pauli
841 1869 1005 1934 perperam
1039 1851 1189 1932 inscripta
1225 1857 1296 1915 snnt

149 1957 335 2039 exemplum
350 1956 484 2021 Theclae
500 1957 540 2020 ad
563 1957 724 2020 licentiam
741 1957 910 2020 mulierum
926 1956 1056 2020 docendi
1072 1956 1297 2038 tinguendique
1325 1984 1351 2022 15

149 2061 339 2143 detendunt,
370 2063 470 2125 sciant
500 2062 532 2125 in
559 2061 637 2124 Asia
666 2061 894 2143 presbyterum,
926 2060 978 2141 qui
1009 2078 1079 2123 eam
1110 2060 1296 2144 scripturam

151 2166 340 2245 construxit,
363 2167 454 2247 quasi
469 2166 560 2230 titulo
575 2165 667 2229 Pauli
683 2165 721 2228 de
737 2183 794 2228 sno
810 2165 985 2244 cumulans,
1009 2165 1186 2228 conuictum
1203 2170 1297 2246 atque

149 2269 335 2335 confessum
364 2270 396 2333 id
427 2289 461 2333 se
491 2288 596 2334 amore
620 2269 711 2333 Pauli
742 2270 853 2353 fecisse
884 2270 950 2333 loco
981 2269 1161 2347 decessisse.
1201 2288 1296 2351 quam

150 2374 239 2438 enim
263 2373 335 2437 fidei
356 2374 533 2456 proximum
553 2374 722 2453 uideretm,
746 2378 780 2438 ut
796 2375 822 2437 is
838 2373 968 2438 docendi
984 2377 1015 2437 et-
1029 2373 1191 2455 tinguendi
1207 2374 1296 2436 daret

150 2479 291 2542 feminae
320 2481 510 2559 potestatem
533 2479 586 2559 qni
609 2498 648 2542 ne
672 2478 790 2542 discere
814 2478 939 2560 quidem
963 2480 1142 2541 constanter
1172 2477 1296 2541 ritmieri
1322 2505 1348 2543 eo

82 2662 91 2673 ·
149 2581 321 2665 permisit?
344 2585 509 2662 taceant,
526 2582 638 2663 inquit,
654 2582 800 2646 etdomi
812 2581 968 2644 maritos
985 2600 1071 2646 snos
1087 2581 1294 2645 consulant.

199 2683 248 2749 18.
270 2684 418 2750 Ceterum
440 2686 636 2768 baptismum
659 2705 722 2750 nou
745 2689 863 2750 temere
887 2685 1077 2749 eredendum
1100 2705 1169 2748 esse
1192 2686 1296 2749 sciunt

150 2809 289 2873 qnorum
319 2791 458 2855 officinm
486 2794 542 2854 est.
589 2791 683 2855 ‘omni
706 2792 824 2873 petenti
847 2795 878 2855 te
902 2790 984 2853 dato'
1015 2809 1107 2854 snum
1134 2789 1227 2853 hahet
1256 2790 1295 2854 ti-

151 2895 256 2959 tulum
272 2895 401 2978 perinde
416 2896 455 2959 ad
473 2895 704 2978 eleemosynam
719 2896 941 2977 pertinentem.
978 2895 1076 2959 immo
1096 2895 1172 2958 illud
1190 2895 1294 2977 potius

150 2999 419 3083 perspiciendum:
450 3000 567 3063 nolite
598 2999 687 3063 dare
717 3004 888 3064 sanetum
918 2999 1074 3064 canibus
1105 3002 1143 3063 et
1172 3001 1294 3081 porcis
1321 3026 1347 3065 a

149 3103 322 3186 proicere
341 3104 586 3188 margaritam
610 3108 786 3184 uestram,
810 3108 855 3168 et:
880 3123 1009 3168 manus
1030 3125 1074 3169 ne
1094 3105 1208 3168 facile
1230 3105 1294 3168 im-

257 3257 286 3327 5]
305 3255 338 3311 ef.
359 3260 372 3314 1
392 3256 452 3313 cor.
465 3260 490 3321 o,
505 3258 545 3313 12.
566 3262 607 3321 10,
619 3261 661 3313 aa.
726 3258 771 3326 21]
792 3261 805 3313 1
826 3257 994 3323 1111131.
1057 3259 1103 3328 aa]
1122 3260 1217 3312 111111.
1232 3263 1256 3324 1,
1269 3262 1293 3314 o.

150 3343 199 3413 ao]
219 3346 233 3400 1
252 3343 322 3398 nrm.
334 3348 359 3408 5,
371 3346 413 3400 aa.

197 3486 210 3539 l
230 3482 340 3553 perinde
356 3485 469 3554 accipet:
486 3483 598 3553 proinde
616 3485 643 3539 Β
697 3487 713 3540 3
732 3488 884 3553 competant
896 3485 965 3555 Rip:
983 3488 1117 3554 competat
1129 3487 1156 3539 Β
1209 3487 1293 3554 lepi-

151 3570 238 3640 scopis
261 3571 326 3627 Ura:
343 3570 459 3641 episcopi
477 3572 504 3625 Β
573 3570 712 3624 officium?
735 3571 901 3641 episcopatus
920 3570 1062 3626 aemulatio
1081 3575 1151 3626 111111
1172 3573 1292 3626 officium

150 3657 326 3727 episcopatus,
353 3656 497 3712 aemulatio
523 3659 551 3712 Β
622 3662 639 3712 h
666 3663 697 3711 ut
723 3659 773 3714 dcl.
796 3660 852 3729 Rip
924 3661 956 3714 lo
978 3658 1140 3728 petulantiae
1167 3662 1293 3715 Ochlems

150 3742 271 3798 mulieris
286 3744 460 3801 Ura:mulier
471 3746 508 3810 Β,
520 3744 661 3798 mulierum
678 3745 729 3800 eet
782 3748 814 3801 12
826 3745 926 3799 hestiae
939 3745 1044 3799 uenerit
1055 3749 1111 3800 11111
1164 3749 1196 3802 14
1208 3745 1292 3800 Paulo

154 3832 208 3888 Ura
259 3830 389 3900 inscripta
408 3833 520 3902 accipet:
543 3832 642 3901 scripta
659 3833 695 3901 B,
718 3832 853 3901 adscripta
875 3835 926 3888 Urs
980 3836 1041 3886 suut
1061 3835 1096 3901 B,
1123 3831 1218 3901 legunt
1243 3835 1293 3889 Get

151 3921 184 3974 15
203 3917 354 3987 exemplum
373 3920 453 3989 Bmp,
469 3919 527 3986 Get,
546 3919 714 3988 soriphth
768 3918 917 3988 exemplum
936 3919 1049 3973 Theclae
1068 3921 1117 3974 dcl.
1130 3922 1186 3990 Rip
1239 3920 1291 3974 tin-

147 4003 284 4075 gendique
311 4005 377 4061 Get:
403 4006 526 4077 tingendi
553 4022 620 4074 quae
643 4009 670 4061 Β
733 4009 765 4062 17
792 4006 903 4060 titulum
929 4010 1002 4076 fort,
1031 4007 1123 4060 titulos
1148 4009 1291 4063 Heracliae

147 4091 305 4148 conuictum
323 4092 394 4162 apud
411 4093 540 4148 Ioannem
559 4098 638 4162 atque
656 4097 712 4148 Iun
781 4097 815 4149 20
834 4093 933 4147 discere
953 4094 1127 4149 condecere
1146 4097 1180 4161 Β,
1204 4095 1291 4149 doceri

145 4178 294 4237 Henetus
364 4183 398 4236 24
415 4179 526 4250 proinde
548 4181 599 4236 Uro
663 4183 697 4237 26
716 4180 862 4248 margarita
880 4184 969 4234 uestra
991 4182 1051 4250 Urs,
1070 4178 1227 4250 margaritas
1246 4197 1290 4235 ue·

145 4270 220 4323 strae
237 4266 310 4323 Pam
