2820 4914
518 370 550 424 X.
569 371 614 423 De
632 368 738 422 anima
757 372 867 425 26-27.
1203 370 1267 435 345

123 553 279 631 conceptu
310 566 369 629 quo
400 549 485 612 locus
517 547 684 610 ordinetur.
730 547 867 630 recogita
901 547 983 610 enim
1018 547 1055 610 de
1087 548 1267 611 nouissimis

123 654 272 735 primum.
309 653 336 715 si
358 671 442 716 rnors
466 670 529 715 uon
551 652 635 715 aliud
658 652 886 715 determinatur
909 671 1004 733 quarn
1020 652 1184 717 disiunctio
1200 671 1267 716 cor-

124 758 210 840 poris
240 758 438 838 animaeque,
469 756 659 820 contrarium
689 757 783 819 morti
812 756 879 820 uita
909 775 971 821 nou
995 757 1078 820 aliud
1102 756 1267 821 definietur

125 881 221 943 quarn
244 862 418 925 coniunctio
442 861 576 944 corporis
599 861 792 941 animaeque.
837 860 864 925 si
887 861 1050 926 disiunctio
1074 862 1167 925 simul
1191 863 1266 925 utri-

124 985 187 1048 que
218 966 410 1030 substantiae
444 965 554 1029 accidit
582 985 638 1047 per
661 969 809 1046 mortem,
839 966 898 1029 hoo
920 966 1015 1030 debet
1038 967 1264 1031 coniunctionis
1304 973 1318 1035 's

123 1071 227 1134 forma
258 1070 425 1134 mandasse
455 1070 570 1152 pariter
600 1068 794 1134 obuenientis
826 1090 882 1152 per
911 1072 1008 1134 uitam
1039 1072 1161 1153 utrique
1192 1071 1266 1135 sub-

123 1177 270 1239 stantiae.
316 1193 407 1258 porro
431 1173 537 1238 uitam
561 1192 579 1237 a
601 1177 751 1256 conceptu
783 1175 997 1258 agnoscimus,
1029 1176 1100 1257 quia
1127 1176 1266 1240 animam

122 1299 142 1343 a
166 1283 318 1362 conceptu
340 1278 552 1352 uindicamus;
577 1278 686 1342 exinde
709 1279 793 1342 euim
816 1279 892 1360 uita,
917 1298 977 1362 quo
1001 1280 1115 1345 anima.
1150 1281 1266 1364 pariter

90 1470 92 1474 Α
123 1403 199 1468 ergo
222 1384 255 1447 in
272 1384 370 1447 uitam
387 1383 631 1466 compinguntur
646 1401 726 1464 quae
741 1385 857 1465 pariter
871 1385 904 1447 in
920 1388 1055 1448 mortem
1071 1388 1264 1468 separantur.

122 1493 200 1552 tunc
230 1489 257 1551 si
288 1488 378 1551 alteri
407 1488 581 1570 primatum
611 1488 736 1567 domuc,
767 1488 857 1552 alteri
885 1490 1107 1570 secundatum,
1138 1491 1265 1555 seminis
1293 1520 1319 1559 10

122 1611 247 1675 quoque
270 1592 474 1656 discernenda
497 1595 571 1656 sunt
592 1595 735 1674 tempora
756 1610 811 1674 pro
836 1597 920 1657 statu
937 1595 1063 1658 ordinis.
1099 1599 1129 1659 et
1145 1596 1265 1677 quaudo

122 1697 327 1762 collocabitur
357 1698 491 1780 corporis
523 1716 647 1778 semen,
678 1697 801 1778 quaudo
825 1699 970 1763 animae?
1013 1700 1112 1764 immo
1136 1701 1162 1764 si
1186 1704 1265 1765 tern-

122 1821 200 1884 pora
223 1802 380 1865 seminum
403 1802 590 1882 diuidentur,
615 1806 646 1866 et
669 1804 818 1866 materiae
841 1803 984 1869 diuersae
1007 1805 1205 1869 habebuntur
1229 1825 1265 1869 er

123 1908 273 1971 distantia
303 1910 490 1988 temporum.
537 1926 611 1971 nam
643 1908 702 1971 etsi
730 1909 807 1972 duas
831 1910 951 1992 species
975 1909 1193 1974 confitebimur
1217 1930 1265 1974 se-

122 2014 229 2094 11111110,
253 2015 445 2096 corporalem
469 2018 500 2078 et
523 2014 703 2095 animalem,
730 2015 915 2079 indiscretas
939 2020 1045 2080 tamen
1069 2016 1264 2081 uindicamus
1293 2041 1318 2083 11

123 2123 154 2183 01
184 2119 243 2182 hoc
274 2119 366 2183 modo
394 2119 641 2200 contemporales
665 2119 867 2201 eiusdemque
891 2121 1053 2184 momenti.
1099 2140 1138 2184 110
1160 2121 1265 2202 itaque

122 2224 238 2306 pudeat
262 2223 454 2286 necessariae
477 2224 752 2305 interpretationis.
789 2228 901 2288 natura
923 2226 1102 2289 ueneranda
1122 2229 1179 2305 est,
1203 2245 1265 2290 nou

122 2328 342 2391 erubescenda.
389 2327 589 2392 concubitum
620 2328 731 2408 libido,
762 2347 836 2392 non.
855 2329 994 2393 condicio
1021 2330 1167 2394 foedauit.
1214 2349 1265 2393 ex-

122 2452 245 2513 cessus,
277 2450 339 2496 non
366 2436 468 2496 status
491 2436 540 2496 est
562 2432 753 2515 impudicus
784 2434 937 2514 siquidem
960 2434 1140 2498 benedictus
1164 2438 1264 2499 status

122 2537 207 2620 apud
230 2538 337 2601 deum:
369 2537 530 2601 crescite
558 2540 593 2600 et
615 2538 652 2600 in
675 2538 957 2603 multitudinem
980 2539 1165 2621 proficite.
1213 2559 1264 2602 ex·
1290 2565 1316 2603 ao

121 2661 230 2706 cessus
261 2661 335 2706 uero
366 2642 567 2721 maledictus,
599 2642 752 2705 adulteria
776 2645 806 2706 et
829 2646 937 2724 stupra
960 2646 991 2706 et
1014 2643 1184 2725 lupanaria.
1230 2643 1263 2707 iu

121 2748 181 2810 hoe
205 2747 309 2828 itaque
333 2747 479 2810 sollemni
503 2765 633 2809 seruum
657 2745 773 2826 officio,
804 2747 886 2827 quod
910 2765 1030 2811 marem
1054 2766 1090 2811 ac
1112 2748 1263 2811 feminam

101 2852 248 2931 miscet,
282 2852 315 2914 in
348 2851 514 2916 concubitu
548 2851 614 2915 dico
645 2852 818 2939 communi,
854 2852 970 2915 scimus
1002 2855 1033 2915 et
1062 2851 1201 2920 animam
1233 2857 1264 2916 et

119 2975 249 3020 carnem
280 2956 373 3040 simul
403 2956 506 3039 fungi,
538 2956 677 3019 animam
707 2956 975 3038 coucupiscentia,
1006 2974 1131 3020 carnem
1159 2976 1262 3037 opera,

118 3062 258 3125 animam
282 3061 443 3141 instinctu,
468 3079 594 3124 carnem
618 3064 699 3125 actu.
739 3061 829 3124 unico
853 3061 949 3144 igitur
964 3062 1083 3142 impetu
1100 3062 1262 3143 utriusque
1289 3088 1314 3127 25

117 3170 186 3230 toto
209 3165 335 3229 homine
359 3184 509 3230 concusso
533 3166 737 3249 despumatur
752 3184 860 3230 semen
877 3166 973 3229 totius
989 3166 1125 3229 hominis
1142 3166 1261 3230 habens

118 3290 157 3334 er
189 3272 339 3353 corporali
370 3270 547 3334 substantia
569 3272 747 3351 humorem,
779 3290 815 3334 011
839 3271 968 3334 animali
991 3271 1135 3334 calorem.
1182 3275 1213 3335 01
1237 3273 1262 3334 si

116 3374 270 3457 frigidum
293 3393 408 3439 nomen
432 3378 480 3439 est
502 3375 609 3439 anima
631 3374 835 3455 Graecorum,
866 3394 960 3456 quare
984 3393 1095 3458 corpus
1119 3376 1262 3458 exempta

117 3498 158 3543 ea
181 3479 294 3562 friget?
329 3479 471 3560 denique,
495 3483 530 3543 ut
554 3462 654 3543 adhuc
676 3479 864 3543 uerecundia
880 3480 982 3563 magis
998 3480 1151 3562 pericliter
1167 3498 1261 3560 quam

114 3582 312 3666 probatione,
339 3585 371 3648 in
394 3584 446 3647 illo
469 3584 536 3666 ipso
558 3584 728 3665 uoluptatis
752 3584 882 3647 ultimae
907 3587 1010 3663 aestu,
1041 3602 1102 3664 quo
1125 3584 1261 3666 genitale
1288 3609 1313 3647 ³0

224 3791 269 3860 20]
291 3791 355 3846 Gen.
371 3795 394 3856 1,
407 3794 448 3847 27.

164 3982 315 4050 2primum
334 3984 446 4052 scripsi:
463 3982 551 4051 prima
569 3984 596 4036 Β
648 3986 764 4050 dquam
785 3984 847 4038 Gel:
865 3983 919 4036 iam
937 3984 964 4037 Β
1018 3982 1261 4051 9compinguntur

117 4071 200 4137 Bmp,
223 4069 412 4137 confinguntur
436 4072 463 4124 Β
534 4072 567 4124 10
590 4072 654 4123 tunc
677 4087 727 4125 ora.
748 4070 798 4124 Get
869 4073 902 4125 16
924 4069 1094 4137 eiusdemque
1119 4071 1182 4124 (101.-
1205 4071 1261 4124 eius

118 4155 232 4223 denique
256 4158 283 4210 Β
354 4157 387 4210 26
410 4155 584 4226 despumatur
610 4157 675 4211 Urs:
697 4155 839 4224 despumat
861 4157 890 4210 111
912 4158 939 4211 Β
1009 4159 1044 4212 28
1067 4171 1147 4223 quare
1166 4171 1260 4226 corpus

119 4243 185 4298 Ger.-
203 4242 279 4309 quale
292 4246 319 4295 et
331 4259 425 4312 corpus
438 4247 464 4296 et
476 4245 512 4312 B,
531 4243 600 4296 calet
612 4245 639 4295 et
650 4259 745 4312 corpus
765 4244 907 4298 Hartela'oos
960 4245 993 4298 29
1011 4242 1176 4311 periclitetur
1188 4245 1261 4313 Bmp

116 4333 153 4386 30
173 4329 267 4383 ultimo
290 4331 342 4386 Urs
428 4373 440 4399 s
1137 4336 1144 4352 ⁸
