2820 4914
155 356 219 420 384
384 356 497 422 Quinti
517 307 654 424 Septimi
673 356 842 409 Plorantis
860 354 1063 409 Tertulliani

156 533 312 597 humanus
343 532 483 613 affectus,
514 533 545 595 in
576 532 764 596 ordinariam
792 536 823 596 11
851 533 1128 597 extraordinariam
1153 533 1281 611 formam,

155 639 343 702 ordinariam
366 638 492 720 quidem
515 640 645 701 naturae
669 637 821 720 deputans
842 638 981 721 placidae
1004 639 1155 719 cuiusque
1176 637 1280 716 mortis,

155 743 429 807 extraordinariam
460 761 533 807 uero
556 746 679 826 praeter
703 746 848 806 naturam
871 742 1010 807 iudicans
1037 743 1168 807 uiolenti
1193 742 1280 805 cuius-

154 867 214 929 que
237 847 317 911 linis.
353 848 406 929 qui
430 850 535 911 autem
559 847 728 930 primordia
747 847 881 911 hominis
898 847 1054 928 nouimus
1079 847 1224 911 audenter
1237 846 1280 908 de·

117 978 130 1016 s
155 953 361 1016 terminamus
386 957 518 1017 mortem
544 970 605 1023 non
629 972 664 1015 ex
688 956 800 1016 natura
823 957 961 1017 secutam
985 952 1159 1032 hominem,
1181 951 1231 1014 sed
1250 968 1278 1012 ex

154 1057 246 1140 culpa
268 1077 306 1121 ne
330 1058 398 1141 ipsa
420 1056 544 1138 quidem
569 1057 717 1131 naturali3
749 1057 840 1121 facile
869 1061 975 1121 autern
999 1058 1145 1140 usurpari
1166 1058 1277 1120 naturae

153 1180 267 1225 nomen
291 1163 323 1225 in
347 1181 484 1244 eaquae
508 1162 654 1225 uidentur
677 1180 695 1225 a
719 1162 881 1225 natiuitate
910 1181 946 1225 cx
977 1162 1151 1225 accidentia
1180 1159 1276 1224 adhae-

154 1267 241 1330 sisse.
281 1286 353 1331 nam
378 1269 404 1330 si
427 1267 520 1330 horno
543 1267 574 1331 in
598 1270 732 1330 mortem
757 1266 872 1330 directo
896 1267 1059 1331 inst‘tutus
1075 1266 1195 1346 fuisset,
1216 1267 1275 1327 tuno

153 1371 279 1435 demum
304 1390 387 1436 mors
408 1370 412 1457 Ι
433 1376 561 1435 naturae
585 1362 821 1435 adscriberetur.
855 1389 946 1453 porro
967 1390 1030 1435 non
1046 1372 1079 1434 in
1094 1373 1223 1435 mortem
1237 1368 1318 1430 in-tls

102 1502 127 1547 11
153 1478 299 1541 stitutum
323 1496 395 1541 oum
417 1477 546 1561 probat,
569 1476 638 1558 ipsa
659 1476 709 1539 lox
732 1476 935 1540 condicionali
958 1476 1200 1540 comminatione
1221 1493 1274 1538 sus-

153 1582 291 1665 pendens
316 1585 347 1645 et
370 1579 497 1645 arbitrio
520 1581 655 1644 hominis
677 1580 824 1644 addicens
841 1581 950 1644 mortis
967 1585 1127 1645 euentum.
1162 1581 1272 1660 denique

154 1686 178 1749 si
210 1705 272 1750 non
303 1686 498 1767 deliquisset,
530 1704 726 1767 nequaquam
758 1685 886 1749 obisset.
925 1686 970 1749 ita
1000 1704 1062 1749 non
1093 1687 1152 1749 erit
1180 1688 1272 1749 natura

153 1791 235 1872 quod
258 1811 293 1854 ex
317 1790 551 1856 exorbitationis
575 1793 729 1873 potestate
751 1790 862 1854 accidit
877 1809 932 1873 per
947 1791 1155 1871 uoluntatem,
1177 1806 1272 1854 nonex

152 1895 289 1959 instituti
312 1896 493 1958 auctoritate
517 1914 572 1977 per
595 1895 825 1958 necessitatem.
863 1895 992 1976 proinde
1016 1895 1075 1959 etsi
1094 1896 1172 1958 uarii
1190 1894 1271 1957 exitus

101 2024 125 2062 15
152 2000 274 2080 mortis,
296 2003 333 2063 ut
355 2003 403 2063 est
427 1999 611 2063 multimoda
633 1999 771 2063 condicio
795 2017 970 2080 causarum,
1000 2000 1125 2063 nullum
1150 2000 1193 2063 ita
1214 1997 1272 2061 dici-

152 2123 222 2168 mus
245 2105 349 2168 lenem
372 2108 490 2168 utnon
514 2105 546 2168 ui
570 2107 689 2187 agatur.
725 2105 793 2186 ipsa
815 2104 869 2167 illa
890 2105 969 2168 ratio
992 2104 1148 2187 operatrix
1171 2103 1271 2180 mortis,

152 2210 283 2292 simplex
306 2209 388 2289 licet,
412 2209 461 2271 uis
486 2212 542 2272 est.
578 2208 707 2290 quidni?
742 2227 820 2290 quae
844 2212 966 2272 tantam
989 2209 1113 2272 animae
1137 2212 1169 2272 et
1189 2207 1272 2272 carnis

152 2315 342 2394 societatem,
368 2317 490 2378 tantam
514 2331 532 2376 a
555 2317 706 2396 conceptu
730 2314 958 2377 concretionem
982 2330 1124 2377 sororum
1145 2312 1272 2377 substan-

150 2419 265 2483 tiarum
289 2418 409 2482 diuellit
432 2436 468 2481 ac
492 2418 615 2481 dirimit.
654 2436 729 2481 narn
752 2418 811 2481 etsi
834 2436 908 2501 prae
931 2417 1044 2501 gaudio
1060 2418 1131 2500 quis
1148 2419 1272 2500 spiritum

98 2549 123 2586 11
151 2524 283 2604 exhalet,
313 2526 350 2586 ut
372 2521 483 2587 Chilon
506 2521 687 2606 Spartanus,
720 2522 793 2586 dum
824 2522 975 2586 uictorem
999 2520 1164 2606 Olympiae
1191 2521 1273 2586 filiun

151 2629 359 2711 amplectitur,
383 2627 441 2691 etsi
463 2646 537 2709 prae
557 2628 664 2711 gloria,
688 2630 723 2690 111
739 2625 898 2691 Clidemus
913 2625 1129 2708 Atheniensis
1153 2629 1225 2691 dum
1244 2623 1273 2689 ob

149 2733 349 2797 historiarum
371 2732 598 2816 praestantiam
622 2749 695 2796 auro
716 2735 890 2812 coronatur,
915 2732 973 2795 etsi
993 2751 1048 2816 per
1064 2733 1228 2811 somnium,
1247 2731 1276 2793 ut

148 2837 248 2919 Plato,
273 2838 331 2901 etsi
346 2857 401 2920 per
416 2837 525 2918 risum,
549 2840 584 2900 ut
599 2837 635 2900 P.
653 2835 795 2917 Crassus,
811 2837 911 2900 multo
927 2836 1095 2901 uiolentior
1110 2855 1195 2901 mors
1210 2852 1276 2918 quae

148 2961 202 3025 per
226 2943 327 3007 aliena
350 2945 520 3026 grassatur,
545 2959 624 3023 quae
641 2942 779 3005 animam
799 2961 854 3024 per
870 2941 1033 3004 commoda
1048 2943 1186 3025 expellit,
1209 2958 1277 3022 quae

96 3071 122 3110 rs
150 3049 224 3111 tunc
247 3047 327 3111 mori
349 3046 450 3126 affert,
482 3064 553 3109 cum
576 3045 740 3109 iucundius
764 3045 870 3110 uiuere
901 3049 949 3110 est
975 3045 1007 3109 in
1037 3047 1225 3111 exultatione
1251 3044 1277 3106 in

148 3150 264 3215 honore
296 3152 327 3214 in
358 3150 497 3233 requiete
527 3151 559 3213 in
589 3151 760 3233 uoluptate.
806 3151 853 3213 uis
885 3154 933 3214 est
963 3152 994 3214 et
1019 3151 1117 3214 inlata
1144 3148 1277 3232 nauigiis,
1303 3202 1304 3206 ,

101 3263 105 3271 '
148 3274 220 3319 cum
236 3257 328 3339 longe
345 3275 363 3320 a
379 3255 546 3338 Caphareis
563 3255 654 3336 saxis,
679 3255 772 3319 nullis
790 3256 966 3339 depugnata
980 3253 1171 3336 turbinibus
1193 3253 1278 3319 nullis

148 3363 296 3442 quassata
325 3360 519 3440 decumanis,
551 3359 698 3423 adulante
728 3358 819 3440 flatu,
849 3359 976 3423 labente
1008 3377 1116 3440 cursu,
1152 3359 1277 3423 laetante

191 3619 338 3692 ficulpam
359 3620 387 3674 A
410 3637 477 3675 corr.
551 3622 583 3675 12
606 3617 715 3672 obiisset
732 3619 760 3672 B
830 3621 887 3672 erat
911 3620 961 3675 su
1032 3621 1065 3674 13
1087 3615 1278 3674 exorbitationis

146 3710 257 3779 scripsi:
273 3707 414 3761 oblationis
427 3707 491 3783 AB,
504 3705 656 3760 abolitionis
668 3707 813 3762 Hortels'as
867 3709 899 3762 15
912 3704 1027 3759 diximus
1039 3706 1095 3761 AB
1149 3710 1180 3762 17
1193 3703 1279 3774 quidni

146 3796 301 3851 Heroides:
319 3794 383 3864 quid
401 3794 473 3847 enirn
491 3794 547 3848 AB
599 3796 630 3849 21
650 3793 785 3863 olydemns
798 3794 853 3847 AB
906 3792 939 3847 ob
957 3792 1132 3847 historiarum
1150 3795 1279 3863 praestan·

145 3882 213 3936 tiam
230 3883 342 3951 scripsi:
360 3881 393 3935 ab
411 3880 546 3935 historicis
565 3880 611 3933 diu
630 3880 824 3949 praestantium
836 3881 899 3948 AB,
919 3879 950 3934 ab
969 3879 1147 3935 histrionibus
1165 3879 1199 3935 ob
1211 3895 1279 3950 prae-

146 3970 273 4024 stantiam
295 3970 352 4037 011,
375 3967 408 4022 ob
427 3968 548 4022 historici
567 3968 623 4022 stili
641 3968 831 4037 praestantiam
852 3967 978 4023 Oehlcras
1046 3970 1079 4023 25
1098 3967 1240 4022 iocundius
1257 3967 1280 4022 B

144 4073 206 4111 uere
223 4058 251 4111 B
303 4059 338 4112 26
356 4056 445 4125 requie
458 4057 485 4110 B
538 4058 565 4109 et
582 4073 633 4111 om.
646 4057 682 4123 B,
701 4056 887 4111 utHartcliss
940 4053 1024 4108 inlata
1040 4055 1155 4124 scripsi:
1172 4054 1280 4109 illaAB

145 4145 259 4213 nauigiis
279 4146 342 4200 ses.-
359 4143 460 4213 nauigii
478 4145 533 4198 AB
603 4146 637 4198 27
656 4142 799 4212 Caphareis
819 4143 883 4198 Cel:
904 4141 1038 4211 chapereis
1056 4144 1092 4209 B,
1107 4141 1241 4214 ¹chaperei
1258 4140 1280 4195 A

145 4232 226 4285 nullis
250 4231 401 4302 depugnata
424 4229 576 4285 turbinibus
594 4248 644 4286 111.
664 4232 691 4284 A
761 4233 795 4287 28
818 4247 903 4293 cursu,
927 4229 1044 4283 laetante
1065 4230 1130 4285 Gal:
1154 4229 1281 4299 [cursulae

144 4320 246 4389 tantae]
264 4321 300 4388 B,
318 4338 369 4376 om.
388 4320 415 4373 A
