2820 4914
758 987 802 1070 ll.

557 1195 624 1261 ou
650 1195 1002 1263 rnononnrnm.

258 1419 286 1484 1.
307 1393 488 1503 Principale
504 1419 621 1483 crimen
636 1419 757 1503 generis
777 1418 917 1500 humani,
938 1438 1080 1483 summus
1101 1420 1216 1484 saeculi
1231 1425 1351 1502 rectuS,
1363 1425 1402 1482 ll

212 1528 279 1589 tota
305 1541 400 1587 causa
429 1523 533 1587 iudicii
562 1523 744 1587 idololatria.
790 1541 865 1588 nam
892 1524 951 1587 etsi
979 1542 1068 1587 suam
1099 1524 1234 1606 speciem
1263 1527 1351 1589 tenet

173 1641 185 1680 ⁶
212 1628 454 1710 unumquodque
477 1628 634 1708 delictum,
659 1628 718 1692 etsi
741 1645 796 1692 suo
813 1629 955 1710 quodque
978 1629 1104 1693 nomine
1126 1628 1237 1692 iudicio
1255 1629 1351 1693 desti·

212 1736 314 1812 natur,
337 1732 370 1795 in
384 1732 576 1797 idololatriae
599 1734 705 1796 temen
728 1733 857 1796 crimine
873 1733 1066 1816 expungitur.
1097 1734 1205 1797 omitte
1227 1733 1349 1814 titulos

213 1854 306 1920 opera
320 1853 515 1919 recognosce.
546 1836 724 1900 idololatres
747 1836 831 1899 idem
853 1836 1009 1900 homicida
1024 1839 1081 1900 est.
1113 1836 1237 1918 quaeris
1254 1855 1349 1918 quem

212 1941 379 2005 occiderit?
417 1941 540 2022 siquid
567 1941 606 2004 ad
628 1940 721 2024 elogii
745 1941 947 2005 ambitionem
968 1941 1052 2022 facit,
1080 1959 1143 2005 non
1166 1944 1349 2005 extraneum

212 2064 269 2110 nce
290 2045 462 2125 inimicum,
486 2045 540 2109 sed
563 2046 667 2127 ipsum
691 2064 733 2109 se.
765 2044 878 2126 quibus
897 2045 1039 2109 insidiis?
1071 2046 1180 2110 erroris
1197 2046 1262 2117 suit
1286 2063 1348 2127 quo

161 2165 186 2204 1⁰
213 2150 297 2215 telo?
324 2149 443 2213 offensa
459 2149 517 2212 dei.
545 2153 620 2231 quot
634 2149 757 2233 plagis?
785 2152 934 2231 quotquot
949 2150 1149 2235 idolclatriisl.
1184 2150 1237 2230 qui
1252 2152 1350 2233 negat

211 2254 395 2319 idololatren
419 2255 546 2337 perisse,
574 2254 600 2317 is
624 2253 753 2338 negabit
778 2254 974 2340 idololatrenl
995 2255 1198 2319 homicidium
1225 2255 1347 2318 fecisse.

210 2359 338 2441 perinde
365 2359 552 2423 adulterium
585 2362 617 2422 et
644 2361 798 2444 stupruml
824 2359 856 2422 in
885 2359 993 2422 eodem
1023 2376 1240 2443 recognoscam
1271 2376 1349 2422 nam

211 2463 265 2544 qui
290 2463 378 2527 falsis
406 2463 470 2527 deis
500 2463 611 2543 seruit,
643 2463 714 2548 sine
742 2462 838 2548 dubio
866 2463 987 2527 adulter
1014 2466 1062 2527 est
1087 2463 1244 2542 ueritatis
1275 2464 1350 2544 quia

211 2585 303 2631 omne
333 2568 449 2631 falsum
480 2567 667 2631 adulterium
698 2570 754 2632 est.
800 2569 844 2631 sie
874 2570 905 2631 et
936 2570 1041 2651 stupro
1073 2568 1233 2651 mergitur.
1276 2568 1349 2648 quis

159 2685 184 2726 1⁵
211 2672 296 2736 enim
316 2671 495 2757 1immundis
519 2670 679 2754 spiritibus
703 2676 881 2755 cooperator
901 2689 963 2736 non
983 2675 1204 2755 conspurcatus
1228 2674 1259 2734 ct
1273 2688 1350 2735 con-

211 2778 379 2861 stupratus
402 2775 539 2840 incedit?
573 2778 666 2857 atque
690 2777 765 2840 adeo
789 2776 960 2859 scripturae
983 2779 1109 2840 sanctae
1132 2774 1232 2859 stupri
1253 2792 1350 2840 uoca-

209 2878 303 2964 tbuloJ
328 2882 460 2943 utuntur
489 2879 522 2942 in
551 2880 743 2944 idololatriae
775 2879 1018 2964 exprobratione.
1063 2880 1180 2943 fraudis
1204 2879 1348 2963 condicio

211 3000 247 3046 ea
263 2986 319 3063 est,
343 2984 461 3065 opinor,
485 2984 595 3065 siquis
617 2984 753 3048 alienum
769 2985 869 3067 rapiet
889 2987 942 3048 cut
962 2984 1013 3048 alii
1032 2983 1173 3048 debitum
1194 2984 1348 3068 deneget,

211 3088 242 3149 et
256 3087 362 3168 utique
387 3105 462 3172 erga
483 3088 642 3152 hominem
658 3089 794 3153 admisse
813 3089 898 3152 fraus
921 3089 1054 3172 maximi
1069 3087 1209 3172 criminis
1233 3105 1350 3151 nomen

158 3207 184 3245 20
211 3193 268 3254 est.
308 3193 341 3255 at
369 3191 453 3255 enim
480 3191 654 3256 idololatria
680 3192 822 3256 fraudem
849 3193 905 3256 deo
931 3192 1017 3277 ,facit
1042 3193 1174 3256 honores
1200 3191 1247 3255 illi
1274 3209 1349 3255 suos

211 3294 368 3378 denegans
406 3299 438 3360 et
472 3296 633 3360 conferens
667 3296 751 3377 aliis,
786 3300 821 3360 ut
853 3297 958 3381 fraudi
992 3296 1093 3381 etiamj
1125 3295 1349 3360 contumeliam

210 3400 386 3484 coniungat.
430 3400 540 3482 quodsi
573 3403 640 3464 tam
677 3400 762 3464 fraus
798 3418 893 3482 quam
917 3397 921 3484 Ι
946 3404 1090 3483 stuprum
1127 3402 1221 3481 atque
1259 3399 1350 3463 adul-
1367 3402 1402 3458 1.]

210 3503 323 3567 terium
362 3507 497 3569 mortem
531 3504 679 3585 afferunt,
716 3505 779 3568 iam
812 3505 845 3568 in
876 3504 925 3568 his
960 3522 1070 3590 laequel
1100 3503 1275 3568 idololatria
1310 3504 1349 3567 de

210 3607 367 3672 homicidii
388 3611 476 3673 reatu
492 3627 555 3673 non
569 3608 730 3673 liberatur.
767 3611 838 3692 post
860 3609 936 3672 talia
957 3609 1095 3689 crimina,
1118 3611 1184 3672 tam
1208 3607 1347 3689 exitiosa,

253 3817 269 3869 5
293 3813 416 3883 quodque
434 3816 497 3884 Inoo,
517 3816 594 3872 Sccl:
612 3831 715 3884 quoquc
733 3817 789 3870 AB
842 3819 857 3871 7
877 3831 956 3884 opera
974 3815 1043 3870 Lat:
1062 3830 1153 3884 operas
1171 3816 1227 3871 AB
1278 3814 1346 3869 item

114 3951 117 3957 .
213 3900 338 3956 cenceros
390 3901 546 3958 concident
562 3903 590 3956 B
642 3905 704 3958 ose
722 3902 810 3971 ipsum
827 3903 855 3956 B
904 3887 973 3970 quoi
991 3902 1044 3955 teo
1062 3904 1089 3957 A
1144 3905 1174 3958 11
1194 3902 1304 3970 nemun
1318 3904 1347 3957 A

210 3990 242 4043 12
260 3987 369 4058 perinde
383 3989 447 4045 Gel:
463 3987 574 4058 proinde
592 3989 648 4044 AB
711 3991 743 4044 13
754 4007 792 4058 eq.
811 3988 933 4042 ueritatis
944 3992 1027 4042 -est
1045 4006 1095 4044 om.
1106 3991 1133 4044 A
1192 3991 1224 4044 14
1241 3989 1270 4042 iu
1288 3991 1347 4044 stu-

209 4091 256 4144 pro
279 4077 307 4130 B
360 4079 392 4131 15
416 4078 569 4145 cooperator
584 4077 694 4146 ΑΒΜ,
718 4078 841 4144 operatus
859 4077 886 4131 B
951 4079 1142 4144 conspnrgatus
1161 4075 1187 4129 A
1248 4077 1280 4131 18
1305 4081 1348 4131 cst

209 4163 300 4218 coeA
363 4165 395 4218 19
414 4178 477 4231 arga
495 4163 521 4217 A
583 4164 616 4218 20
635 4161 752 4216 atenim
771 4162 804 4216 cd
823 4165 850 4217 A
910 4161 958 4215 deo
976 4180 1026 4218 om.
1039 4164 1067 4218 A
1129 4164 1162 4217 23
1181 4162 1274 4231 aeque]
1293 4169 1349 4220 tres

210 4250 313 4306 litterae
330 4251 443 4318 fuerumt
460 4249 487 4304 A
539 4251 573 4305 24
590 4248 719 4304 homicidi
736 4248 764 4303 A
