2820 4914
239 388 281 452 60
465 386 578 453 Quinti
598 387 735 456 Septimi
754 387 919 442 Florentio
938 386 1140 441 Tertulliani

238 564 270 628 in
292 566 496 645 peruersum?
519 564 611 628 multi
632 563 715 628 bona
737 563 807 644 fide,
827 561 836 649 11
859 563 956 628 immo
978 564 1040 626 iam
1062 564 1167 646 plures
1190 579 1248 645 pro
1273 566 1373 626 extre·
1386 565 1406 624 11

239 668 400 732 mitatibus
427 672 612 750 temporum.
658 688 767 733 uerum
791 668 893 733 deficit
916 665 1105 754 adaelquatio
1128 667 1371 750 comparationis

237 773 335 836 istius,
373 792 447 837 nam
469 773 506 836 de
530 774 613 837 malo
635 773 680 837 ita
703 776 824 836 constat
846 773 928 854 apud
950 790 1068 853 omner,
1089 770 1093 857 Ι
1113 775 1204 836 utne
1220 771 1283 854 ipsi
1307 771 1370 853 qui-

238 877 309 939 dem
330 877 385 957 rei,
409 878 462 958 qui
486 877 525 939 ad
548 878 667 941 malum
687 880 851 941 transeunt
866 881 898 940 et
913 895 932 940 a
945 876 1035 941 bonis
1049 877 1081 940 in
1096 894 1246 959 peruersa
1261 872 1369 961 (1111111-
1394 873 1399 885 ’

198 1006 211 1046 s
237 984 317 1061 tunt,
342 980 505 1044 defendere
521 982 640 1045 malum
655 999 710 1064 pro
726 981 807 1044 bono
824 980 967 1045 audeant.
1012 981 1115 1063 tmpia
1129 980 1245 1060 timori,
1262 979 1369 1062 pudori

198 1086 200 1093 ’
236 1083 356 1170 impial
386 1084 511 1148 habent.
558 1085 690 1167 denique
723 1085 861 1169 gestiunt
894 1085 1001 1164 latere,
1035 1084 1178 1148 deuitant
1211 1101 1368 1168 apparere,

236 1189 393 1271 trepidant
417 1187 618 1274 deprelhensi,
649 1193 765 1273 negant
793 1189 944 1262 accusati3
972 1207 1011 1252 ne
1034 1189 1107 1252 torti
1129 1188 1258 1270 quidem
1282 1187 1368 1252 facilc

237 1297 291 1357 aut
318 1312 440 1375 semper
468 1293 662 1374 confitentur,
684 1297 689 1376 Ι
712 1297 795 1357 11111
823 1293 962 1357 damnati
990 1295 1137 1356 maerent.
1183 1291 1369 1374 exprobrant

238 1398 353 1462 etenim
376 1399 457 1480 quod
481 1401 568 1462 erant
589 1399 621 1462 in
645 1380 838 1480 semetipsos,
859 1395 864 1482 Ι
884 1398 985 1461 malae
1006 1397 1120 1461 mentis
1137 1395 1176 1461 ab
1192 1397 1369 1461 innocentia

186 1528 210 1567 ιο
236 1504 404 1566 transitum
425 1503 477 1566 uel
500 1502 590 1566 astris
613 1503 664 1566 uel
686 1503 751 1566 fato
774 1502 941 1583 imputant.
1009 1501 1084 1565 adeo
1111 1501 1223 1564 nolunt
1250 1498 1367 1585 suum!

236 1625 315 1686 csse,
343 1607 415 1688 quia
437 1607 556 1670 malum
579 1624 692 1689 negare
716 1623 778 1670 non
800 1609 942 1688 possunt.
999 1605 1167 1671 Christiani
1193 1623 1270 1669 uero
1299 1605 1370 1688 quid

236 1711 298 1774 talc
321 1708 583 1795 conlsequuntur?
617 1711 776 1775 neminem
805 1710 911 1792 pudet,
942 1709 1100 1774 neminem
1130 1709 1282 1792 paenitet,
1312 1710 1372 1775 nisi

236 1818 360 1878 tantum
382 1812 618 1899 pristinorum!
646 1816 672 1878 si
695 1815 869 1895 denotatur,
896 1815 1057 1898 gloriatur,
1086 1814 1112 1877 si
1134 1813 1281 1895 trahitur,
1309 1833 1371 1879 non

236 1919 387 2000 subsistit,
419 1920 445 1982 si
472 1922 644 2000 accusatur,
674 1936 737 1983 non
767 1916 924 2004 delfendit,
954 1919 1161 2001 interrogatus
1193 1916 1371 2000 confitetur,

184 2048 209 2087 1⁵
235 2023 401 2087 damnatus
420 2024 579 2107 gloriatur.
619 2023 700 2104 quod
714 2024 773 2087 hcc
788 2024 905 2087 malum
927 2019 931 2105 l
952 2025 1000 2086 est
1021 2022 1054 2086 in
1076 2039 1136 2103 quo
1159 2022 1235 2086 mali
1258 2026 1373 2089 natura

236 2130 357 2191 cessat?

278 2230 308 2295 2.
332 2231 369 2294 In
393 2248 453 2313 quo
475 2231 535 2312 ipsi
555 2232 648 2294 etiam
664 2234 772 2295 contra
786 2230 920 2295 formam
935 2231 1169 2295 iudicandorum
1189 2228 1193 2313 Ι
1214 2232 1372 2296 malorum

235 2336 386 2400 iudicatis
419 2353 492 2399 nam
509 2339 655 2399 nocentes
672 2335 799 2417 quidem
810 2336 985 2418 perductos,
1002 2335 1029 2399 si
1041 2334 1214 2400 admissum
1225 2334 1370 2421 nogenti

236 2441 396 2504 tormentis
419 2440 537 2523 urgetis
558 2441 596 2503 ad
612 2440 848 2521 confessionem,
872 2439 1063 2505 Christianos
1080 2456 1153 2503 uero
1170 2443 1283 2522 sponte
1299 2459 1370 2505 oon·

183 2568 208 2608 ao
234 2545 332 2609 fessos
353 2544 357 2631 1
376 2545 537 2609 tormentis
561 2545 764 2626 comprimitis
787 2546 827 2608 ad
849 2545 1055 2628 negationem.
1094 2562 1173 2626 quae
1188 2547 1280 2626 tanta
1301 2565 1372 2628 per·

234 2649 377 2730 uersitas‚
393 2652 429 2712 ut
443 2646 637 2733 confeslsioni
652 2649 843 2733 repugnetis
867 2652 1095 2713 tormentorum
1110 2648 1213 2714 officia
1227 2650 1368 2731 mutetis,

234 2755 315 2837 grati
336 2772 425 2816 reum
448 2753 588 2833 euadere,
610 2750 614 2837 1
633 2753 768 2816 inuitum
791 2753 1012 2834 compellentes
1036 2755 1172 2836 negare?
1209 2755 1368 2835 praesides

235 2858 461 2939 extorquendae
484 2857 625 2921 ueritatis
649 2857 685 2919 de
706 2857 710 2937 1
731 2857 804 2920 11111
821 2857 911 2921 nobis
927 2856 1124 2920 mendacium
1140 2857 1312 2938 exquiritis
1334 2860 1367 2921 ut

234 2962 373 3025 dicamus
397 2980 452 3026 nos
476 2979 538 3024 non
561 2979 629 3024 esse
652 2961 733 3041 quod
763 2955 881 3024 sumus.
911 2959 915 3045 1
943 2957 1060 3043 opinor,
1091 2978 1153 3024 non
1183 2962 1282 3025 uultis
1313 2979 1365 3026 nos

183 3091 207 3131 25
235 3067 333 3129 malos
358 3084 426 3129 esse
448 3065 577 3145 ideoque
600 3065 722 3148 gestitis
747 3065 784 3129 de
807 3065 865 3128 isto
894 3065 1019 3129 nomine
1048 3063 1225 3150 exoluldere.
1295 3083 1365 3130 sane

234 3174 351 3233 ceteros
382 3169 421 3232 ad
451 3170 509 3233 hoc
539 3169 665 3232 tenditis
697 3172 728 3232 et
758 3168 955 3249 carnificatis,
989 3172 1025 3233 ut
1055 3172 1171 3252 negent
1193 3171 1277 3251 quod
1300 3189 1365 3234 esse

234 3271 394 3359 dicunltur.
434 3274 542 3355 atquin
565 3274 626 3336 illis
650 3273 837 3356 negantibus
861 3292 923 3338 non
944 3273 1081 3337 creditis:
1106 3272 1207 3353 nohis,
1231 3274 1258 3336 si
1274 3292 1364 3357 nega·

233 3379 382 3458 uerimus,
406 3378 513 3441 statim
533 3377 668 3440 creditis.
689 3374 698 3462 ll
718 3378 744 3440 si
767 3378 843 3440 certi
864 3377 939 3441 estis
962 3396 1018 3442 nos
1034 3377 1273 3442 nocentissimos
1289 3397 1364 3459 csse,
1379 3382 1406 3437 11

234 3501 287 3546 our
310 3482 404 3546 etiam
426 3482 458 3546 in
480 3482 539 3545 hoc
562 3482 651 3546 aliter
674 3484 949 3567 111111111111111111
969 3479 973 3566 l
993 3482 1114 3546 euobis
1136 3482 1283 3565 agimur?
1306 3501 1365 3548 uon

182 3613 207 3653 ao
234 3586 299 3650 dico
330 3587 411 3668 quod
440 3605 539 3668 neque
567 3586 755 3650 accusationi
778 3605 879 3667 neque
902 3586 1091 3650 recusationi
1114 3583 1261 3672 spaltium
1284 3605 1365 3652 com·

233 3690 364 3755 modetis
395 3689 516 3773 (soletis
546 3690 741 3754 inaccusatos
773 3693 804 3754 11
833 3690 1010 3753 indefensos
1041 3707 1104 3753 non
1134 3693 1253 3755 temere
1281 3693 1365 3757 dam-

275 3899 292 3951 4
309 3896 385 3950 bonis
408 3896 513 3965 Caspai
530 3898 677 3951 Bacchius:
695 3894 771 3949 uobis
789 3897 816 3950 A
878 3900 893 3951 7
913 3897 1070 3967 deprehensi
1088 3898 1115 3951 A
1184 3900 1201 3953 8
1218 3901 1325 3953 merent
1341 3901 1366 3955 A

233 3984 378 4053 exprobant
400 3985 426 4038 A
496 3982 607 4038 9male
634 3985 662 4037 A
733 3985 765 4038 10
787 3983 830 4036 uel
853 3984 930 4037 astris
953 4001 1004 4039 ooo.
1021 3986 1057 4052 A,
1080 4001 1113 4040 ex
1134 3986 1215 4054 Apol.
1234 3988 1285 4042 c.1
1305 3988 1365 4042 odd.

233 4073 267 4127 Ε.
280 4073 484 4126 Klussoroaaas
538 4073 569 4126 12
582 4070 635 4124 tale
647 4071 855 4138 consequuntur]
869 4071 940 4124 tale?
959 4074 1156 4138 consequuntur
1167 4062 1239 4140 guod
1258 4075 1367 4143 cupiunt

232 4162 304 4228 fort,
318 4157 370 4212 tale
383 4157 599 4226 conqueruntur?
612 4159 755 4212 Horieliua
801 4157 903 4226 penitet
914 4159 941 4212 A
984 4160 1017 4214 22
1030 4159 1100 4228 grati
1111 4159 1224 4228 scripsi:
1235 4161 1322 4228 gratis
1334 4159 1367 4230 A,

233 4244 349 4313 urgeatis
361 4244 468 4314 Caspai
484 4246 618 4300 Boethius
671 4246 704 4298 26
718 4247 748 4297 ut
760 4261 792 4297 ne
805 4247 902 4311 negent
919 4244 1023 4314 Caspai
1034 4247 1168 4301 Baithiua
1221 4263 1279 4301 esse
1297 4248 1367 4316 quod

233 4347 288 4384 esse
309 4332 380 4388 Goth
432 4334 464 4388 31
484 4331 573 4385 soletis
592 4333 618 4385 et
638 4331 717 4401 Goth,
736 4330 826 4384 soletis
845 4329 909 4384 alias
926 4335 990 4401 fori.
1045 4332 1109 4401 non]
1128 4349 1176 4387 nos
1193 4335 1327 4392 Wissowa
