2820 4914
465 354 510 408 VI.
530 354 574 407 De
593 355 742 408 oratione
764 357 874 410 25-29.
1181 355 1242 420 199

94 533 168 594 tate
191 534 345 611 curatam,
368 531 548 595 innocentia
570 531 740 614 integram,
767 530 908 595 castitate
931 531 1097 611 mundam,
1122 550 1243 614 agapen

97 639 283 699 coronatam
316 654 387 698 cum
422 653 537 719 pompa
571 654 699 720 operum
735 635 888 699 bonorum
923 635 1003 699 inter
1038 637 1176 717 psalmos
1212 640 1244 701 et

96 741 234 823 hymnos
262 740 413 804 deducere
441 741 479 804 ad
507 740 555 804 dei
583 741 679 804 altare
707 739 857 804 debemus
889 740 995 805 omnia
1022 740 1112 804 nobis
1141 741 1242 805 adeo

97 846 347 928 impetraturam.

146 947 196 1013 29.
221 949 301 1028 Quid
328 950 411 1013 enim
440 949 574 1014 orationi
602 949 640 1013 de
668 947 778 1030 spiritu
807 951 838 1012 et
860 948 993 1011 ueritate
1021 948 1161 1012 uenienti
1188 968 1243 1012 ne·
1282 977 1295 1015 s

96 1053 187 1136 gabit
209 1055 294 1134 deus,
318 1054 372 1136 qui
395 1072 464 1116 eam
488 1054 604 1136 exigit?
650 1053 784 1136 legimus
809 1055 839 1116 et
863 1053 1007 1116 audimus
1032 1057 1063 1117 et
1083 1053 1241 1117 cernimus

97 1161 220 1239 quanta
241 1160 428 1222 documenta
451 1157 607 1231 efficaciae
636 1158 716 1221 eius!
761 1160 852 1221 uetus
878 1157 1001 1238 quidem
1029 1157 1125 1221 oratio
1149 1162 1180 1221 et
1202 1157 1241 1222 ab

96 1263 225 1346 ignibus
254 1266 285 1326 et
312 1282 329 1326 a
356 1262 464 1326 bestiis
491 1266 524 1326 et
553 1262 591 1326 ab
619 1262 721 1325 inedia
747 1261 902 1325 liberabat
933 1265 964 1325 et
993 1265 1100 1325 tamen
1131 1280 1193 1326 non
1224 1280 1242 1325 a

98 1366 223 1432 Christo
251 1371 413 1450 acceperat
440 1368 583 1431 formam.
630 1370 768 1430 ceterum
796 1369 913 1448 quanto
940 1367 1074 1449 amplius
1097 1371 1242 1448 operatur

96 1472 196 1537 oratio
220 1472 410 1537 Christiana!
456 1489 518 1536 non
545 1472 623 1535 roris
652 1472 798 1553 angelum
822 1471 855 1534 in
878 1471 989 1534 mediis
1012 1470 1135 1554 ignibus
1160 1471 1241 1534 sistit
1269 1498 1293 1536 ιο

96 1595 157 1640 nec
177 1594 231 1640 ora
248 1577 391 1641 leonibus
412 1576 547 1642 obstruit
568 1594 624 1639 nec
645 1574 856 1639 esurientibus
871 1575 1060 1639 rusticorum
1075 1575 1240 1656 prandium

96 1682 256 1762 transfert,
280 1682 402 1745 nullum
420 1700 547 1744 sensum
570 1681 723 1762 passionis
748 1681 890 1763 delegata
912 1680 1014 1762 gratia
1038 1668 1161 1758 auertit,
1186 1680 1240 1743 sed

95 1787 252 1869 patientes
277 1789 308 1850 et
330 1787 501 1850 sentientes
526 1789 557 1849 et
579 1785 720 1849 dolentes
748 1785 930 1849 sufferentia
955 1785 1097 1864 instruit,
1124 1784 1240 1847 uirtute
1350 1823 1352 1827 .

96 1890 229 1972 ampliat
254 1890 403 1973 gratiam,
434 1893 469 1953 ut
497 1891 575 1953 sciat
601 1889 694 1970 fides,
726 1889 800 1971 quid
825 1888 992 1953 a'domino
1020 1892 1239 1970 consequatur,

94 1995 281 2077 intellegens
306 1995 379 2076 quid
401 2013 456 2077 pro
480 1994 528 2058 dei
552 1995 678 2058 nomine
700 1994 848 2076 patiatur,
895 1993 949 2057 sed
977 1996 1008 2056 et
1034 1997 1116 2056 retro
1142 1994 1239 2058 oratio
1267 2019 1291 2059 15

94 2099 206 2182 plagas
233 2099 404 2182 irrogabat,
435 2098 585 2162 fundebat
613 2099 750 2164 hostium
779 2096 946 2177 exercitus,
976 2097 1125 2161 imbrium
1152 2097 1240 2161 utilia

93 2203 290 2286 prohibebat.
328 2222 411 2267 nunc
430 2222 504 2267 uero
525 2204 622 2266 oratio
643 2204 777 2266 iustitiae
798 2221 924 2266 omnem
944 2202 1023 2265 iram
1044 2202 1092 2265 dei
1113 2203 1238 2283 auertit,

93 2326 152 2389 pro
174 2308 308 2371 inimicis
332 2307 477 2388 excubat,
500 2326 556 2391 pro
579 2306 840 2390 persequentibus
864 2307 1026 2390 supplicat.
1074 2306 1188 2369 mirum
1211 2308 1239 2371 si

94 2430 193 2494 aquas
217 2412 366 2476 caelestes
391 2416 570 2494 extorquere
598 2413 701 2491 nouit,
729 2430 807 2494 quae
834 2412 937 2493 potuit
964 2415 995 2475 et
1022 2411 1110 2494 ignes
1139 2411 1238 2495 impe-

94 2519 200 2580 trare?
250 2517 316 2580 sola
343 2520 392 2580 est
418 2517 516 2581 oratio
545 2535 624 2598 quae
653 2517 746 2579 deum
773 2516 885 2589 uincit;
917 2517 972 2579 sed
996 2515 1139 2579 Christus
1168 2533 1237 2578 eam
1264 2541 1290 2579 so

92 2620 172 2684 nihil
200 2621 276 2684 mali
302 2621 402 2684 uoluit
428 2622 560 2703 operari.
606 2639 732 2684 omnem
755 2621 801 2684 illi
824 2621 974 2683 uirtutem
999 2619 1141 2682 debono
1165 2637 1238 2682 con-

91 2725 176 2789 tulit.
235 2725 340 2806 itaque
371 2725 448 2789 nihil
478 2726 580 2806 nouit,
611 2726 671 2789 nisi
702 2725 918 2789 defunctorum
951 2724 1070 2787 animas
1102 2724 1139 2786 de
1169 2724 1236 2805 ipso

91 2830 205 2893 mortis
229 2830 340 2893 itinere
367 2849 526 2911 reuocare,
558 2830 676 2895 debiles
704 2831 888 2910 reformare,
918 2847 1026 2912 aegros
1053 2828 1236 2909 remediare,

89 2934 310 2998 daemoniacos
342 2935 479 3017 expiare,
511 2936 647 2999 claustra
674 2935 804 2998 carceris
833 2934 966 3017 aperire,
997 2933 1122 2996 uincula
1148 2933 1236 2997 inno-

89 3038 233 3102 centium
264 3039 392 3104 soluere.
439 3040 548 3103 eadem
575 3040 667 3103 diluit
694 3039 820 3120 delicta,
853 3038 1076 3121 temptationes
1104 3038 1235 3120 repellit,
1263 3064 1288 3103 es

88 3143 323 3226 persecutiones
353 3144 518 3227 extinguit,
549 3145 767 3227 pusillanimos
795 3144 986 3223 consolatur,
1018 3143 1235 3225 magnanimos
1280 3208 1284 3214 ,

89 3246 238 3327 oblectat,
254 3247 489 3331 peregrinantes
507 3248 641 3328 deducit,
657 3248 769 3312 fluctus
786 3249 922 3330 mitigat,
938 3248 1075 3311 latrones
1089 3247 1237 3328 obstupe-

88 3351 183 3430 facit,
207 3351 264 3414 alr't
285 3369 452 3434 pauperes,
476 3353 557 3436 regit
579 3353 707 3433 diuites,
735 3352 839 3434 lapsos
863 3352 968 3434 erigit,
996 3352 1142 3415 cadentes
1167 3370 1235 3414 sus-

88 3455 211 3538 pendit,
235 3460 356 3521 stantes
380 3458 526 3521 continet.
572 3458 670 3522 oratio
694 3477 801 3520 murus
826 3461 874 3521 est
897 3455 982 3537 fidei,
1008 3475 1095 3520 arma
1119 3461 1150 3520 et
1172 3457 1236 3520 tela

138 3699 273 3767 lagapen
290 3700 403 3768 scripsi:
421 3715 503 3767 agape
521 3700 551 3753 D
612 3702 745 3768 apompa
762 3700 791 3753 D
849 3698 930 3754 5DE
949 3697 988 3752 VI
1006 3698 1051 3751 ET
1069 3698 1234 3753 AFFEGTU

90 3783 214 3854 (reposce
232 3784 400 3840 EFFECTU'
424 3786 560 3854 Oeblercs)
582 3785 776 3841 ORATIONIS
796 3787 825 3840 D
896 3786 1006 3854 negabit
1022 3805 1055 3841 oc:
1078 3786 1187 3854 negauit
1205 3787 1234 3840 D

91 3871 260 3926 deernimus
278 3890 311 3928 or:
330 3872 463 3926 credimus
481 3873 510 3927 D
564 3876 579 3928 9
603 3876 727 3941 operatur
744 3891 777 3928 oc:
799 3875 891 3926 oratur
909 3874 946 3939 D,
975 3873 1058 3926 oratio
1081 3892 1101 3928 oc
1123 3874 1234 3939 (ibidem

86 3976 118 4028 p.
137 3960 201 4026 218)
272 3961 304 4014 10
328 3959 451 4027 angelum
471 3959 601 4013 duntaxat
619 3961 793 4016 Moratorc'cs
866 3961 896 4015 11
917 3959 1035 4014 leonibus
1060 3961 1074 4026 (
1075 3959 1092 4013 b
1111 3977 1144 4014 eoo
1162 3961 1185 4026 s)
1204 3961 1233 4014 D

94 4047 126 4101 12
149 4062 196 4098 nec
219 4045 304 4099 ullum
322 4064 342 4101 x
413 4046 531 4114 deligata
550 4048 580 4101 D
651 4050 683 4102 13
706 4046 822 4100 uirtute*
842 4048 872 4100 D
949 4049 981 4102 14
1004 4047 1118 4114 gratiam
1142 4048 1190 4101 del.
1214 4064 1234 4102 x

92 4131 168 4186 doD
222 4135 254 4189 18
267 4134 418 4188 excubatD
471 4134 640 4188 etmirumoc
692 4136 725 4189 20
745 4134 913 4188 Christianus
932 4150 963 4186 ea
981 4135 1032 4188 alii
1050 4133 1232 4202 1111101111-

91 4237 153 4274 rum
206 4222 238 4276 21
262 4219 399 4276 uoluitur:
422 4221 498 4274 nouit
515 4221 544 4274 D
614 4223 647 4275 23
670 4237 793 4273 reuocare
816 4239 849 4276 c:
872 4237 968 4274 uocare
990 4221 1019 4274 D
1089 4222 1123 4275 24
1142 4220 1232 4273 demo-

92 4307 183 4361 niacos
200 4307 230 4361 D
282 4306 455 4362 innocentum
473 4309 503 4362 D
521 4326 588 4364 corr.
641 4310 675 4364 25
694 4307 877 4377 temptationis
894 4309 924 4362 D
942 4326 1009 4366 corr.
