2820 4914
217 392 278 455 196
443 391 557 458 Quinti
576 391 713 461 Septimi
732 391 899 445 Florentio
918 390 1117 445 Tertulliani

216 568 350 632 eluditur
380 568 461 650 quod
491 567 653 632 affectione
683 568 800 650 gloriae
829 567 1008 631 assumitur.
1063 567 1168 629 uelare
1200 565 1304 648 uirgo,
1336 565 1360 627 si

215 673 303 756 uirgo
332 692 379 746 es;
408 671 502 736 debes
531 673 613 736 enim
642 672 832 735 erubescere.
880 671 1017 754 sininge
1042 689 1089 750 es,
1117 671 1227 752 plures
1252 670 1357 732 oculos

215 778 280 860 pati
307 777 379 841 noli.
426 795 516 841 nemo
545 777 675 841 miretur
702 776 734 839 in
762 779 849 840 tuam
876 776 1003 849 faciem3
1033 792 1124 838 nemo
1152 773 1357 837 mendacium

216 886 305 945 tunm
329 883 452 945 sentiat.
497 881 576 945 bene
604 881 746 944 mentiris
776 884 920 961 nuptam,
950 879 974 942 si
998 882 1092 960 capnt
1114 879 1212 942 neles.
1260 879 1355 940 immo

178 1014 189 1050 e
216 987 340 1050 mentiri
364 1005 425 1050 non
449 987 575 1060 uideris3
601 986 736 1067 nupsisti
760 985 842 1048 enim
866 983 1000 1049 Christo.
1046 984 1092 1046 illi
1114 1001 1246 1046 earnem
1270 986 1354 1046 tuam

215 1091 378 1169 tradidisti,
401 1109 458 1174 age
482 1109 537 1172 pro
560 1090 664 1154 mariti
686 1090 733 1152 tui
756 1088 926 1170 disciplina.
971 1088 997 1151 si
1020 1091 1133 1170 nuptas
1158 1088 1281 1151 alienas
1304 1106 1355 1149 ne-

216 1196 273 1259 lari
300 1195 400 1275 iubet,
431 1213 503 1258 snas
532 1196 637 1276 ntique
665 1193 764 1257 multo
792 1194 901 1276 magis.
953 1192 1007 1255 sed
1034 1209 1096 1255 non
1122 1194 1202 1273 puta
1229 1192 1355 1254 institu-

215 1301 332 1364 tionem
347 1300 589 1381 uniuscuiusque
606 1298 811 1362 antecessoris
828 1296 1096 1360 commonendam.
1123 1296 1217 1359 multi
1234 1295 1354 1359 alienae

216 1403 431 1468 consuetudini
457 1403 656 1485 prudentiam
684 1421 773 1465 suam
802 1405 833 1464 et
863 1401 1071 1464 constantiam
1102 1399 1166 1462 eius
1195 1399 1353 1462 addicunt.

165 1537 190 1576 ιο
216 1528 254 1571 ne
274 1508 500 1590 compellantur
521 1507 627 1586 nelari,
652 1510 734 1570 certe
755 1506 945 1569 uoluntarias
961 1503 1118 1586 prohiberi
1137 1521 1200 1567 non
1216 1506 1354 1585 oportet3

215 1630 294 1694 quae
318 1631 351 1675 se
374 1612 469 1675 etiam
492 1612 628 1695 uirgines
652 1629 766 1693 negare
790 1628 850 1673 non
874 1612 1019 1691 possunt,
1047 1608 1181 1672 concedo
1207 1607 1298 1672 abuti
1324 1609 1356 1671 in

215 1718 300 1780 fama
323 1735 381 1779 sna
403 1716 610 1780 eonscientiae
634 1716 716 1798 apud
740 1715 832 1777 deum
857 1713 1033 1777 securitate.
1080 1712 1118 1775 de
1144 1712 1205 1776 illis
1235 1715 1355 1791 tamen,

215 1839 294 1902 quae
318 1821 439 1903 sponsis
462 1821 619 1900 dicantur,
647 1823 825 1883 constanter
849 1837 941 1899 super
964 1836 1068 1880 meum
1096 1816 1261 1880 modulum
1284 1835 1355 1899 pro-

215 1923 357 1987 nuntiare
381 1926 608 2006 contestarique
630 1942 759 2006 possum
784 1922 932 1986 uelandas
957 1941 992 1986 ex
1013 1939 1050 1984 ea
1069 1921 1118 1984 die
1139 1939 1207 1984 esse
1229 1940 1293 2003 qua
1316 1922 1356 1985 ad

166 2056 189 2092 ιε
215 2029 350 2110 primum
374 2027 433 2091 uiri
456 2046 566 2110 corpus
587 2028 691 2091 osculo
711 2031 743 2090 et
763 2026 889 2090 dextera
911 2026 1102 2108 expauerint.
1140 2026 1248 2090 omnia
1271 2026 1357 2089 enim

216 2133 246 2194 in
274 2132 320 2194 his
349 2136 610 2214 praenupserunt,
640 2136 671 2195 et
698 2135 783 2194 aetas
811 2151 865 2213 ρετ
892 2132 1122 2210 maturitatem,
1150 2134 1182 2194 et
1203 2148 1278 2195 caro
1300 2151 1358 2212 per

216 2239 364 2315 aetatem,
388 2241 420 2300 et
442 2237 566 2319 spiritus
589 2256 644 2317 per
668 2236 904 2315 conscientiam,
929 2238 961 2298 et
982 2235 1080 2316 pudor
1102 2254 1157 2317 per
1180 2235 1280 2299 osculi
1304 2255 1358 2299 ex·

215 2341 438 2422 perimentum,
467 2344 498 2404 et
525 2360 596 2423 spes
623 2360 678 2422 per
701 2340 962 2421 expectationem,
990 2343 1021 2402 et
1048 2358 1136 2403 mens
1164 2358 1219 2422 per
1243 2340 1359 2403 uolun-

214 2448 321 2509 tatem.
368 2445 505 2526 satisque
530 2445 617 2509 nobis
642 2445 782 2527 exemplo
805 2444 946 2508 Rebecca
970 2447 1031 2523 est,
1060 2461 1139 2525 quae
1162 2461 1280 2526 sponso
1303 2445 1359 2508 de·

164 2577 189 2614 ao
215 2553 388 2613 monstrato
412 2553 536 2613 tantum
559 2549 687 2612 notitiae
711 2549 777 2611 eins
800 2547 945 2612 nubendo
968 2548 1071 2611 uelata
1094 2551 1150 2611 est.

259 2650 310 2716 23.
349 2654 396 2716 1)ε
437 2673 520 2736 genu
561 2671 681 2735 quoque
722 2652 863 2734 ponendo
903 2652 1087 2716 uarietatem
1126 2651 1358 2717 obseruationis

215 2758 333 2839 patitur
363 2758 460 2821 oratio
489 2776 545 2840 per·
574 2757 722 2840 pauculos
754 2756 904 2838 quosdam
936 2757 987 2837 qui
1024 2756 1153 2820 sabbato
1191 2755 1358 2821 abstinent

215 2861 356 2944 genibus.
387 2879 466 2943 quae
498 2862 648 2925 dissensio
681 2880 753 2924 curn
783 2861 917 2924 maxime
946 2861 1026 2942 apud
1050 2861 1195 2924 eeclesias
1225 2879 1357 2926 causam

216 2965 299 3044 dicit,
331 2965 475 3029 dominus
507 2965 592 3029 dabit
622 2965 756 3048 gratiam
788 2983 887 3044 suam,
919 2967 953 3026 ut
983 2968 1039 3028 aut
1067 2965 1179 3028 cedant
1206 2969 1264 3029 aut
1286 2967 1356 3029 sine

162 3093 187 3132 ετ
215 3069 345 3132 aliorum
389 3071 533 3133 scandalo
573 3071 727 3134 sententia
766 3087 822 3132 sua
859 3072 996 3132 utantur.
1047 3087 1104 3132 nos
1141 3085 1232 3149 uero,
1273 3071 1357 3134 sicut

215 3174 405 3256 accepimns
446 3177 511 3239 solo
546 3175 594 3237 die
630 3174 803 3237 dominicae
841 3173 1075 3237 resurrectionis
1115 3191 1177 3238 non
1217 3173 1257 3238 ab
1293 3175 1356 3238 isto

214 3280 347 3357 tantum,
379 3278 433 3341 sed
463 3278 549 3342 omni
580 3278 744 3342 anxietatis
774 3277 885 3341 habitu
920 3281 952 3340 et
982 3277 1081 3341 officio
1117 3295 1228 3341 cauere
1261 3277 1357 3342 debe-

215 3401 283 3444 mus
306 3382 483 3446 differentes
505 3384 599 3446 etiarn
623 3383 757 3465 negotia,
782 3402 820 3445 ne
845 3401 938 3464 quem
961 3381 1082 3445 diabolo
1105 3383 1209 3446 locum
1231 3383 1354 3447 demus.

212 3488 398 3550 tantundem
433 3490 464 3550 et
498 3488 596 3570 spatio
630 3487 846 3567 pentecostes,
886 3505 964 3568 quae
1003 3487 1112 3549 eadem
1151 3487 1354 3552 exultationis

257 3644 270 3696 1
295 3640 413 3694 eluditur
434 3643 546 3711 scripsi:
568 3641 675 3709 eligitur
698 3642 735 3708 D,
760 3640 869 3693 eliditur
891 3642 1027 3696 Rombitus
1079 3643 1095 3695 4
1119 3643 1199 3709 caput
1218 3661 1268 3693 *s*
1292 3643 1357 3710 (turi

212 3729 315 3794 eras..2)
334 3730 363 3782 D
416 3731 509 3797 sputa
527 3729 570 3782 uel
587 3730 666 3796 putat
684 3745 716 3783 ec
734 3730 810 3795 putet
828 3729 857 3781 D
908 3727 1104 3781 institutionem
1122 3728 1193 3798 Aac.
1208 3729 1355 3786 Neaader:

213 3813 381 3868 institutione
400 3816 429 3868 D
481 3817 497 3870 8
515 3814 721 3882 uniuscuiusque
741 3816 928 3870 Murotora'cs:
945 3814 1126 3882 unusquisque
1144 3816 1174 3869 D
1238 3818 1269 3871 11
1291 3833 1354 3870 con-

148 3973 150 3978 ·
213 3899 275 3953 cedo
298 3903 410 3970 scripsi:
436 3901 553 3955 contenti
579 3902 616 3968 D,
645 3903 783 3954 contentae
804 3902 986 3967 moratorias,
1014 3899 1145 3955 contendo
1171 3901 1354 3959 Harmcks'rm

212 3988 241 4040 in
259 3989 307 4043 del.
325 3987 450 4043 Oeblerres
504 3991 537 4043 12
556 4003 616 4040 suae
630 3989 801 4044 Morutora'os
855 3991 887 4043 19
906 3987 1086 4042 demonstrato
1099 3981 1288 4045 Muratora'us:
1308 3991 1353 4044 de·

212 4078 390 4128 monstratum
412 4076 441 4129 D
511 4077 545 4129 20
567 4075 676 4127 notitiae
698 4074 926 4144 ampsanctinae
948 4077 977 4129 D
1047 4077 1079 4130 al
1103 4075 1151 4127 DE
1173 4074 1354 4132 (1111111Ρο-

211 4161 336 4215 NENDO
355 4163 384 4215 D
442 4163 476 4216 23
494 4160 618 4229 gentibus
637 4162 667 4216 D
685 4179 751 4216 corr.
809 4160 917 4231 eclesias
936 4163 965 4215 D
1025 4163 1059 4216 24
1077 4161 1121 4215 dio
1137 4162 1175 4229 D,
1194 4160 1268 4216 dicat
1287 4166 1354 4219 Mu

211 4252 330 4304 raterius
391 4251 425 4303 26
444 4247 576 4302 dominico
595 4250 766 4303 Moratora'as
836 4251 869 4302 27
893 4248 980 4301 officio
998 4266 1031 4303 a:
1048 4248 1137 4301 officia
1155 4251 1184 4303 D
1247 4253 1282 4306 29
1302 4268 1355 4320 quo

211 4334 473 4401 aquiescamus
984 4354 986 4358 ’
