2820 4914
381 400 426 454 IV.
446 401 491 455 De
512 400 703 455 testimonio
726 401 850 455 animae
868 404 944 457 5-6.
1170 401 1232 466 143

88 575 190 639 diuini
208 576 363 640 inuocatic
384 576 509 658 ubique,
533 594 617 641 mors
637 575 753 658 ubique
773 580 805 640 ct
825 577 1015 640 conscientia
1035 578 1142 641 mortis
1163 575 1232 641 ubi-

88 699 161 762 que,
186 684 217 745 ct
239 680 453 745 testimonium
477 681 602 763 ubique.
641 681 743 745 cmuis
765 682 871 745 anima
890 700 946 746 suc
968 681 1035 745 iure
1058 682 1232 765 proclamat

88 802 169 866 quae
190 783 279 848 nobis
299 804 357 850 nec
378 786 501 870 mutire
522 785 719 870 conpellitur.
759 787 868 850 meritc
888 786 983 869 igitur
1004 786 1105 850 cmuis
1127 787 1231 849 anima

88 893 123 952 et
144 907 197 954 rea
220 893 251 954 et
273 890 373 975 testis
397 893 454 971 est,
478 891 520 976 in,
542 894 667 954 tantum
691 893 722 954 et
744 909 797 954 rea
821 891 943 971 erroris,
968 891 1000 954 iu
1024 895 1176 973 quantum
1200 895 1231 955 ct

87 993 180 1058 testis
200 995 362 1080 ueritatis,
387 999 417 1059 ct
438 995 542 1079 stabit
562 998 635 1060 ante
656 996 742 1059 aulas
763 995 813 1058 dei
829 995 879 1059 die
894 995 1000 1059 iudicii
1015 995 1094 1059 nihil
1109 994 1229 1059 habens
1268 1021 1281 1059 u

86 1098 200 1162 dicere.
245 1100 349 1184 [deum
371 1099 581 1184 praedicabas
605 1103 637 1163 et
659 1118 721 1163 non
747 1088 937 1181 requirebas,
966 1099 1129 1163 daemonia
1155 1099 1229 1163 abc-

85 1202 259 1267 minabaris
288 1207 319 1268 et
344 1204 399 1267 illa
426 1204 596 1288 adorabas,
624 1204 780 1290 iudicium
804 1205 853 1268 dei
876 1204 1056 1288 appellabas
1079 1223 1136 1268 nec
1160 1223 1228 1268 esse

84 1307 246 1387 credebas,
276 1307 398 1372 inferna
419 1308 582 1392 Lsupplicia
602 1308 835 1393 praesumebas
859 1313 891 1372 ct
919 1326 980 1372 non
1007 1309 1227 1391 praecauebas,

84 1409 301 1476 Christianum
323 1430 438 1477 nomen
457 1413 611 1498 Lsapiebas
635 1417 666 1477 et
683 1413 896 1478 Christianum
916 1432 1031 1478 numen
1053 1432 1227 1498 persequej-

81 1514 182 1579 baris,
1255 1544 1279 1583 ιο

130 1672 144 1724 1
166 1686 237 1723 mcrs
255 1668 353 1738 ubique
371 1689 421 1727 cca.
441 1672 468 1725 A
538 1671 675 1726 2animas
694 1674 721 1726 A
791 1675 858 1727 3ne
876 1674 903 1727 B
974 1674 1180 1743 respirauit
1202 1679 1227 1728 et

80 1759 214 1812 ultimum
231 1774 282 1812 cm.
301 1758 328 1812 B
390 1756 527 1813 5stabilis
549 1759 576 1812 B
638 1760 700 1813 bet
717 1775 771 1812 nen
789 1759 941 1828 requirebas
959 1778 1009 1816 cm.
1023 1762 1050 1814 A
1115 1760 1225 1816 achre

80 1844 204 1897 stianum
225 1844 333 1913 nemen]
353 1843 490 1898 Christum
509 1845 565 1914 Rip
629 1844 748 1914 sapiebas
771 1849 798 1899 et
820 1845 1001 1901 Christianum
1024 1863 1122 1900 nomen
1139 1863 1226 1915 perse·

81 1930 209 1999 quebaris
225 1932 303 2001 Rq:
314 1973 500 1986 ..........
513 1930 585 1984 baris
598 1933 632 1999 A,
651 1949 728 2001 quem
740 1934 811 1988 raiba'l
822 1935 878 1988 atsi
890 1933 1088 2003 persequebaris
1100 1936 1225 1990 babuisse

80 2024 214 2088 apparet5
234 2019 306 2073 aude
328 2019 473 2089 cclliqr'twr‚
500 2020 532 2073 ira
557 2021 677 2089 eremplc
700 2022 757 2074 eiua
781 2027 843 2074 arata
868 2020 1067 2089 persequebaris
1092 2024 1224 2090 scriptum

78 2107 171 2174 fuisse
192 2120 296 2170 nomen,
320 2106 392 2175 quod
412 2113 443 2160 at
465 2107 509 2160 ba'c
526 2113 657 2175 ponatur,
680 2108 743 2176 ipsc
763 2110 835 2163 ratic
857 2109 965 2163 suadet:
987 2110 1149 2164 itascilicet
1176 2127 1224 2164 cur

78 2194 136 2246 illa
153 2193 254 2247 omissa
271 2194 302 2246 ira
314 2193 341 2246 A
353 2194 409 2247 siat
417 2195 596 2262 perspicitur:
614 2193 733 2262 sapiebas
750 2197 777 2247 ct
789 2194 986 2263 persequebaris
999 2196 1071 2250 Hira
1126 2198 1158 2250 10
1175 2196 1223 2249 DE

79 2277 305 2333 TESTIMONIO
316 2308 320 2318 ·
330 2278 472 2332 ANIMAE
495 2279 678 2336 EXPLICIT·
700 2282 728 2335 A
