2828 4936
478 368 524 422 VI.
544 369 587 421 De
605 369 754 421 oratione
774 370 883 423 15-18.
1191 367 1248 428 191

106 546 269 610 subiectos
301 564 369 608 esse
396 548 527 626 oportet,
557 548 611 608 aut
641 543 765 624 quantis
794 543 914 607 arteriis
945 561 1022 624 opus
1054 545 1110 622 est,
1142 542 1169 605 si
1195 560 1250 623 pro

107 669 185 715 sono
219 649 403 714 audiamur?
449 650 524 712 deus
556 651 662 712 autem
693 665 754 711 non
785 648 881 727 uocis,
914 647 968 710 sed
999 646 1098 710 cordis
1130 646 1252 709 auditor

108 759 165 836 est,
191 755 273 819 sicut
295 758 486 835 conspector.
533 753 731 817 daemonium
755 752 871 815 oraculi
893 751 1009 833 Pythii,
1038 754 1073 814 et
1096 754 1250 831 mutum,

108 860 221 941 inquit,
253 859 437 941 intellego
469 861 503 921 et
531 875 601 920 non
629 858 845 939 loquentem
873 855 1035 919 exaudio.
1083 855 1133 918 dei
1161 873 1251 918 aures

110 983 224 1028 sonum
248 966 432 1044 expectant?
478 961 630 1043 quomodo
660 979 732 1044 ergo
756 961 853 1024 oratio
877 961 971 1023 Ionae
995 960 1032 1022 de
1055 960 1117 1023 imo
1140 964 1250 1023 uentre
1291 988 1303 1025 a

110 1069 169 1132 ceti
200 1087 257 1150 per
286 1070 392 1131 tantae
422 1066 543 1130 bestiae
574 1066 695 1129 uiscera
724 1065 761 1129 ab
790 1066 865 1148 ipsis
894 1064 1015 1147 abyssis
1043 1083 1098 1146 per
1128 1067 1251 1127 tantam

111 1173 253 1254 aequoris
277 1173 392 1235 molem
416 1171 453 1234 ad
478 1172 600 1234 caelum
622 1172 724 1252 potuit
747 1170 899 1232 euadere?
939 1169 1013 1250 quid
1041 1169 1175 1250 amplius
1202 1187 1251 1231 re-

111 1277 212 1340 ferent
235 1276 286 1339 isti
309 1276 361 1357 qui
385 1276 498 1339 clarius
522 1274 661 1354 adorant,
686 1274 746 1337 nisi
769 1274 851 1355 quod
874 1273 1022 1354 proximis
1043 1272 1251 1354 obstrepunt?

110 1382 206 1446 immo
236 1380 393 1463 prodendo
420 1380 587 1462 petitiones
617 1397 689 1442 suas
718 1379 791 1460 quid
818 1379 923 1442 minus
946 1378 1077 1458 faciunt,
1108 1379 1252 1459 quamsi

110 1487 139 1549 in
162 1486 291 1570 publico
314 1488 425 1549 orent?

153 1588 204 1653 18.
230 1589 303 1654 Alia
325 1591 388 1653 iam
409 1589 600 1653 consuetudo
617 1589 760 1652 inualuit.
799 1588 973 1651 ieiunantes
989 1587 1096 1651 habita
1112 1588 1251 1652 oratione

109 1714 181 1759 curn
205 1694 354 1758 fratribus
378 1694 568 1757 subtrahunt
590 1694 731 1757 osculum
754 1693 849 1774 pacis,
874 1693 955 1774 quod
980 1696 1027 1756 est
1055 1693 1252 1776 signacnlum

107 1799 267 1863 orationis.
313 1798 436 1880 quando
461 1803 565 1862 autem
590 1797 691 1880 magis
716 1797 903 1861 conferenda
926 1816 997 1860 cum
1020 1797 1169 1860 fratribus
1192 1816 1252 1880 par

106 1907 166 1985 est,
191 1903 252 1966 nisi
276 1921 347 1965 cum
371 1903 529 1984 operantis
553 1902 650 1966 oratio
674 1900 952 1965 commendabilior
969 1902 1119 1981 ascendit,
1143 1905 1178 1965 ut
1193 1903 1252 1984 ipsi

105 2010 144 2072 de
174 2011 285 2072 nostra
307 2007 486 2090 operatione
514 2007 717 2089 participent,
749 2024 809 2087 qua
837 2006 1013 2069 maduerint
1037 2007 1073 2069 de
1098 2001 1154 2070 sua
1176 2025 1252 2089 pace
1293 2031 1304 2069 5

104 2113 199 2176 fratri
223 2112 445 2194 transigendo?
484 2129 563 2193 quae
587 2112 683 2174 oratio
707 2129 777 2173 cum
801 2111 933 2175 diuortio
957 2112 1058 2175 sancti
1086 2113 1182 2174 oscnli
1204 2112 1253 2175 in-

104 2219 221 2300 tegra?
261 2235 353 2297 quem
378 2217 501 2279 domino
526 2215 662 2279 officium
685 2215 853 2278 facientem
878 2215 1010 2298 impedit
1036 2218 1116 2298 par?
1163 2218 1252 2297 quale

106 2320 298 2385 sacrificium
322 2324 369 2384 est
392 2339 410 2383 a
433 2339 493 2401 quo
518 2320 585 2383 sine
600 2338 677 2402 pace
694 2319 884 2382 disceditur?
924 2337 1137 2401 quaecumque
1154 2321 1252 2384 oratio

105 2427 160 2505 sit,
185 2444 249 2489 non
273 2425 331 2488 erit
352 2425 453 2506 potior
469 2424 628 2507 praecepti
644 2423 872 2504 obseruatione,
897 2443 957 2505 quo
978 2423 1122 2487 iubemur
1139 2424 1253 2487 ieiunia

107 2533 218 2593 nostra
242 2529 351 2592 celare.
389 2530 452 2592 iam
477 2529 559 2592 enim
584 2528 621 2591 de
644 2528 833 2591 abstinentia
849 2529 947 2591 osculi
963 2528 1162 2612 agnoscimur
1177 2529 1252 2592 ieiu-

106 2638 233 2697 nantes.
280 2634 335 2697 sed
358 2639 389 2697 et
412 2635 438 2696 si
462 2652 522 2715 qua
544 2634 624 2697 ratio
649 2637 706 2713 est,
731 2652 769 2696 ne
792 2637 897 2697 tamen
912 2633 985 2697 huic
1000 2637 1164 2716 praecepto
1180 2652 1251 2696 reus

109 2739 164 2819 siS,
194 2741 284 2820 potes
308 2738 401 2818 dorni,
427 2739 453 2800 si
476 2738 566 2818 forte,
598 2739 679 2801 inter
703 2755 778 2819 quos
801 2738 898 2801 latere
921 2738 1072 2801 ieiunium
1094 2739 1126 2801 in
1150 2741 1251 2802 totum

109 2860 173 2906 non
197 2843 296 2923 datur,
320 2841 443 2905 differre
459 2860 579 2924 pacem.
618 2841 808 2923 ubicumque
825 2846 930 2906 autem
948 2842 1023 2906 alibi
1039 2843 1252 2925 operationem

109 2950 198 3010 tuam
222 2946 411 3011 abscondere
435 2950 535 3028 potes,
559 2947 653 3009 debes
678 2947 858 3010 meminisse
879 2948 1050 3030 praecepti3
1075 2949 1119 3011 ita
1140 2952 1170 3010 et
1191 2949 1249 3011 dis-

215 3075 243 3144 3]
262 3075 387 3128 Herodl
405 3078 447 3129 47.

158 3192 246 3243 lesse
265 3206 315 3242 om.
335 3188 393 3241 AD
455 3187 614 3242 2audimur
632 3190 661 3241 D
727 3189 867 3256 3phythii
887 3192 912 3242 11
978 3189 1046 3243 dds
1064 3191 1094 3243 D
1165 3191 1252 3244 5imo

112 3292 161 3328 cru.
174 3276 229 3328 AB
287 3274 390 3328 600011
408 3276 437 3328 D
491 3273 656 3342 abyssicA
709 3274 855 3328 7101011)
909 3279 941 3329 lo
960 3278 990 3328 ic
1008 3278 1249 3344 capenam—-

112 3361 195 3416 XIII
213 3360 344 3414 ueraciter
367 3377 481 3429 namque
500 3377 575 3414 orare
594 3363 641 3414 est.
666 3377 770 3414 amaros
789 3363 817 3414 in
840 3362 1013 3430 cripunctiono
1032 3363 1148 3431 gemitus
1168 3366 1194 3416 et
1211 3364 1252 3417 in·

115 3448 256 3516 composita
283 3447 366 3500 uerba
392 3464 514 3501 resonare
541 3448 613 3501 Nota
639 3450 677 3516 gg
703 3449 747 3514 (=
776 3447 933 3516 Gregorius)
959 3449 988 3501 in
1015 3449 1107 3503 moral.
1132 3449 1200 3503 libro
1223 3452 1253 3504 D

116 3537 143 3589 11
167 3535 216 3588 DE
238 3533 373 3590 OSCVLO
395 3536 482 3589 ABD
553 3537 585 3589 13
604 3539 704 3602 quante
723 3537 753 3589 D
824 3538 856 3590 14
879 3537 1013 3603 operantis
1037 3537 1121 3590 oratio
1139 3540 1253 3606 scripsi:

115 3622 276 3690 operationis.
296 3622 460 3674 cameratio
479 3623 517 3690 D,
542 3622 660 3674 oratione
680 3622 742 3685 AB,
762 3624 846 3675 oratio
865 3625 928 3693 Rip,
951 3624 1111 3691 operationis
1133 3627 1252 3693 tempore

115 3709 193 3762 oratio
215 3709 349 3776 chlcrus,
373 3709 534 3777 operati<one
556 3709 700 3774 orati>0nis,
724 3726 784 3761 curn
806 3710 890 3762 oratio
910 3712 1053 3765 Horteb'us
1125 3711 1250 3765 ascendit.

114 3793 148 3849 Ut
163 3797 201 3850 H.
215 3797 360 3851 Kcllncruc
415 3799 446 3850 15
465 3795 608 3864 participes
628 3798 679 3850 Urs
733 3812 785 3864 qua
802 3796 955 3850 maduerint
968 3799 1005 3865 D,
1025 3813 1104 3864 quarn
1123 3797 1252 3851 auderent

112 3883 171 3951 AB,
190 3882 243 3934 iarn
263 3880 379 3935 audeant
396 3884 455 3951 Urs,
474 3898 553 3962 quam
567 3882 719 3935 adiuuerint
731 3884 875 3938 Hartcb'us
929 3887 961 3939 16
974 3884 1145 3952 transigendo
1161 3885 1251 3939 00110-

111 3987 169 4025 rum:
190 3969 346 4037 transigend
369 3971 406 4038 D,
430 3969 618 4036 transigendas
641 3972 676 4037 A,
700 3971 847 4038 transigere
870 3973 906 4040 B,
933 3971 1082 4039 transigent
1106 3973 1251 4027 Kellucrus
1297 3954 1300 3960 Ι

111 4059 141 4112 18
166 4055 312 4109 disceditur
336 4057 373 4124 D,
402 4056 534 4109 receditur
560 4057 616 4110 AB
693 4057 777 4110 oratio
801 4059 865 4126 AB,
893 4058 960 4111 ratio
986 4059 1023 4126 D,
1051 4058 1167 4126 operatio
1195 4060 1252 4128 Rip

109 4146 138 4198 21
167 4146 308 4212 praecepto
335 4158 394 4195 reus
422 4143 457 4195 sis
485 4145 521 4209 D,
554 4146 723 4212 praeceptore
751 4145 818 4197 ussis
847 4147 881 4213 A,
913 4148 1069 4213 praeceptor
1095 4148 1124 4197 tu
1157 4145 1192 4197 sis
1224 4147 1251 4199 B

107 4233 139 4286 22
158 4229 239 4282 domi,
260 4229 288 4282 Si
307 4229 325 4283 f.
338 4229 354 4282 1.
368 4245 433 4296 quos
446 4229 528 4282 latere
540 4230 669 4283 ieiunium
682 4231 749 4297 (scil.
765 4231 862 4299 datur),
881 4232 909 4284 in
922 4233 1065 4286 Kcllucrus
1119 4231 1139 4283 si
1160 4250 1209 4286 oar.
1223 4234 1250 4286 B

104 4317 132 4370 in
151 4316 248 4371 om.D
301 4314 491 4372 24011011)
