2820 4914
440 390 476 444 H.
495 391 539 444 De
556 389 752 445 idololatria
772 393 880 448 18-20.
1181 393 1225 457 53

88 566 144 630 dei
165 583 228 630 non
250 569 334 631 sunt.
392 569 427 630 tu
450 567 476 629 si
499 566 613 630 diaboli
634 584 782 650 pompam
806 567 940 656 eierasti,
964 568 1108 650 quicquid
1131 589 1167 634 er
1190 587 1227 634 ea

89 672 244 755 attigeris,
266 672 298 734 id
321 672 399 735 scias
423 689 492 735 esse
514 671 720 735 idololatrian.
766 672 816 735 uel
838 671 896 735 hoc
919 674 950 735 te
967 674 1227 739 commonefaciat

90 795 201 840 omnes
229 775 321 840 huius
349 776 465 840 saeculi
489 778 660 858 potestates
688 778 720 839 11
747 775 914 858 dignitates
942 793 1004 840 uon
1028 778 1129 841 solum
1152 778 1227 842 alie-

90 898 160 961 nas,
188 899 297 945 verum
325 883 356 944 et
378 880 519 944 inimicas
543 880 592 943 dei
615 898 693 960 esse,
725 881 806 962 quod
833 900 888 962 per
911 880 980 944 illas
1005 881 1153 947 aduersus
1177 882 1227 946 dei

91 1003 199 1049 seruos
224 985 373 1068 supplicia
395 986 537 1049 consulta
560 987 643 1064 sunt,
670 1004 725 1066 per
754 985 823 1048 illas
852 987 883 1048 et
910 1003 1028 1068 poenae
1051 987 1090 1050 ad
1112 987 1225 1069 impios
1265 1012 1278 1051 s

90 1092 220 1171 paratae
247 1091 439 1173 ignorantur.
506 1089 562 1152 sed
590 1091 621 1152 et
648 1089 795 1153 natiuitas
823 1092 854 1152 et
881 1088 1057 1154 substantia
1083 1093 1138 1154 tua
1160 1109 1227 1154 mc-

91 1195 190 1257 lcstae
212 1193 269 1257 tibi
292 1196 366 1257 suut
389 1194 538 1257 aduersus
560 1193 767 1257 idololatrian.
824 1193 863 1257 ad
887 1193 1067 1257 euitandum
1090 1195 1228 1259 remedia

92 1299 200 1362 deesse
215 1317 278 1362 non
293 1300 434 1380 possunt,
458 1316 528 1360 cum
549 1300 589 1377 et,
613 1297 640 1360 si
656 1297 820 1377 defuerint,
844 1297 979 1379 supersit
993 1298 1119 1361 unicum
1138 1299 1225 1379 illud,

93 1421 154 1484 quo
178 1403 295 1466 felicior
317 1402 420 1466 faetus
443 1420 505 1465 non
528 1402 560 1464 in
583 1401 673 1465 terris
697 1401 911 1484 magistratus
935 1402 989 1465 sed
1012 1402 1045 1465 111
1068 1403 1171 1466 caelis.

137 1504 187 1570 19.
211 1506 317 1570 Possit
338 1506 371 1570 in
391 1507 450 1570 isto
474 1506 609 1588 capitulo
633 1505 728 1568 etiam
751 1505 788 1569 de
802 1491 924 1568 ¹militia
940 1506 1103 1570 definitum
1118 1507 1225 1587 uideri,
1254 1531 1279 1570 10

91 1629 172 1692 quae
195 1610 275 1674 inter
298 1610 482 1693 dignitatem
506 1612 537 1673 et
559 1612 747 1692 potestatem
764 1612 820 1673 est.
860 1612 892 1673 at
906 1628 989 1673 nunc
1004 1610 1041 1674 de
1057 1610 1118 1674 isto
1134 1628 1227 1692 quae-

91 1715 181 1795 ritur,
214 1732 253 1778 an
283 1714 382 1777 fidelis
414 1714 452 1777 ad
482 1713 627 1777 militiam
651 1713 791 1777 conuerti
813 1713 912 1796 possit
935 1716 967 1777 11
989 1733 1029 1777 arr
1052 1714 1166 1778 militia
1188 1715 1226 1778 ad

90 1817 186 1881 fidem
206 1818 336 1898 admitti,
361 1818 455 1881 etiam
476 1818 610 1901 caligata
632 1818 683 1881 uel
699 1817 832 1901 inferior
855 1835 1005 1899 quaeque,
1029 1817 1079 1881 cui
1102 1835 1164 1881 nou
1187 1819 1228 1882 sit

90 1921 263 1986 necessitas
286 1921 536 1985 immolationum
559 1920 611 1984 uel
634 1920 816 2006 capitalium
838 1920 1030 1984 iudiciorum.
1070 1939 1131 1985 non
1154 1939 1227 1985 con-

90 2025 180 2089 uenit
209 2029 402 2089 sacramento
432 2025 536 2089 diuino
568 2027 598 2088 11
627 2025 779 2104 humano,
815 2025 903 2108 signo
934 2022 1048 2088 Christi
1079 2027 1109 2088 et
1139 2025 1226 2108 signo
1254 2051 1279 2092 15

91 2129 217 2210 diaboli,
252 2129 362 2194 castris
389 2130 467 2193 lucis
495 2133 526 2193 11
553 2129 662 2193 castris
691 2129 905 2203 teueb1·arum;
940 2146 1002 2192 non
1029 2131 1134 2212 potest
1165 2146 1228 2192 una

92 2235 200 2298 anima
222 2234 341 2298 duobus
365 2233 480 2314 deberi,
504 2234 560 2297 deo
584 2237 614 2297 11
631 2232 766 2298 Caesari.
806 2236 837 2297 11
853 2234 974 2317 virgam
989 2232 1123 2317 portavit
1138 2233 1227 2315 Moy-

92 2358 154 2419 seS,
182 2337 312 2402 fibulam
335 2342 366 2401 et
387 2336 503 2418 Aaron,
532 2338 665 2420 cingitur
687 2339 752 2402 loro
777 2340 808 2401 et
830 2337 996 2417 ichaunae,
1026 2356 1139 2421 agmen
1162 2338 1228 2421 agit

91 2446 124 2506 et
146 2442 234 2506 lesus
256 2442 356 2522 Naue,
379 2442 509 2506 bellauit
532 2445 563 2506 et
585 2443 727 2525 populna,
751 2443 777 2505 si
795 2443 898 2526 placet
912 2442 1027 2506 ludere.
1074 2443 1227 2524 quomodo

92 2550 199 2611 autem
229 2546 369 2627 bellabit,
400 2547 497 2610 immo
528 2547 679 2628 quomodo
711 2547 806 2611 etiam
835 2547 868 2610 in
890 2565 965 2629 pace
990 2547 1137 2610 militabit
1159 2546 1226 2610 sine
1253 2573 1278 2612 20

91 2651 206 2735 gladio,
231 2651 489 2733 quemdominus
513 2651 665 2715 abstulit?
704 2669 779 2715 nam
802 2651 862 2714 etsi
884 2651 1025 2715 adierant
1048 2651 1163 2714 milites
1187 2651 1226 2713 ad

90 2756 265 2819 Iohannem
296 2758 327 2820 et
356 2756 491 2820 formam
515 2755 740 2819 obseruationis
765 2757 957 2836 acceperant,
989 2755 1016 2818 si
1038 2755 1132 2818 etlam
1154 2771 1226 2817 ceu·

90 2860 172 2925 turio
195 2860 375 2940 crediderat,
403 2877 528 2923 omnem
550 2862 660 2942 postea
683 2859 816 2922 militem
840 2859 982 2922 dominus
1005 2859 1037 2921 in
1059 2858 1152 2921 Petro
1176 2877 1227 2921 ex-

88 2965 240 3029 armando
264 2965 415 3028 diseinxit.
463 2964 567 3027 nullus
590 2964 716 3028 habitus
739 2963 840 3026 licitus
865 2966 913 3027 est
935 2962 1017 3044 apud
1040 2980 1096 3026 nos
1119 2962 1225 3026 illicito

92 3069 179 3133 actui
202 3069 386 3152 adscriptus.
1029 3132 1031 3136 Α
1252 3093 1278 3133 25

135 3170 188 3236 20.
212 3171 378 3237 Sedenim
401 3192 472 3237 cum
496 3173 692 3237 conuersatio
716 3172 838 3236 diuinae
862 3172 1043 3255 disciplinae
1059 3189 1121 3235 non
1136 3171 1225 3235 factis

90 3279 228 3357 tantum,
258 3296 366 3340 uerum
391 3278 486 3340 etiam
508 3277 613 3341 uerbis
637 3277 827 3358 periclitetur
861 3275 948 3359 (nam
972 3275 1052 3339 sicut
1075 3276 1226 3357 scriptum

90 3385 156 3461 est,
184 3399 266 3444 ecce
293 3381 399 3445 homo
427 3385 463 3444 11
489 3381 586 3445 facta
609 3381 702 3461 eius,
724 3382 783 3461 ita,
807 3399 848 3444 ex
871 3399 931 3444 ore
954 3382 1016 3443 tuo
1039 3379 1226 3443 iustifica-

196 3561 241 3629 ao]
261 3561 317 3614 ron.
333 3564 372 3626 11,
386 3561 454 3631 aa).
472 3561 677 3625 1111111131.

88 3732 91 3738 '
135 3725 323 3782 4111111111
387 3724 548 3781 bcouuulta
565 3727 592 3780 A
663 3725 850 3793 6irr0gantur
867 3725 924 3780 Lat
989 3726 1016 3778 et
1029 3727 1111 3794 prins
1129 3743 1180 3780 om.
1198 3726 1226 3779 A

89 3817 139 3868 tua
156 3831 188 3869 aa
206 3828 253 3867 sua
269 3813 296 3867 A
366 3812 478 3867 molesta
495 3811 517 3865 dr
534 3811 573 3866 ibi
590 3813 617 3866 A
682 3811 884 3881 deuitandum]
902 3812 1008 3881 reliquo
1025 3813 1056 3865 ia
1073 3811 1227 3867 1111811111.-

85 3908 153 3972 post
169 3918 257 3957 vocem
272 3902 346 3960 ,caim
363 3900 519 3954 enitendum
533 3901 659 3969 pergitur
677 3897 709 3952 de
727 3899 913 3966 minutiloquio
932 3898 1070 3951 aristotilis
1088 3915 1108 3952 1.
1122 3915 1144 3967 q.
1158 3917 1179 3953 a.
1194 3921 1224 3942 =

91 3990 124 4044 de
141 3986 271 4043 caimc'd
331 3987 435 4055 9qued
453 3987 509 4056 Rip
571 3989 601 4041 11
621 3986 692 4039 intra
712 3988 776 4041 Scal
834 3989 866 4041 13
884 4001 987 4053 quoque
1010 3986 1061 4040 Uro
1115 3988 1147 4039 17
1165 4001 1226 4054 por-

89 4076 161 4129 tauit
181 4075 244 4130 Gal:
261 4073 378 4144 portabit
396 4075 422 4128 Β
477 4076 509 4128 18
528 4073 644 4140 cingitur
664 4073 727 4127 Get:
745 4073 866 4140 cingetur
884 4073 910 4126 Β
963 4072 1020 4140 agit
1040 4072 1102 4126 Gal.-
1120 4073 1180 4139 aget
1198 4072 1225 4125 B

91 4166 124 4219 20
151 4160 264 4216 bellabit
289 4164 357 4217 Iwa:
382 4160 493 4214 bellauit
519 4162 545 4214 B
616 4160 698 4212 immo
725 4161 759 4223 Β,
788 4159 841 4212 iam
869 4161 925 4214 Iac
994 4161 1026 4213 21
1056 4174 1134 4226 quem
1163 4157 1226 4211 Gal:

91 4265 157 4318 quae
181 4251 208 4303 Β
287 4251 320 4306 23
349 4246 507 4302 exarmando
537 4246 599 4303 Gal:
625 4245 798 4299 examinando
824 4247 852 4301 Β
934 4247 967 4302 27
992 4245 1060 4297 sicut
1084 4247 1111 4296 11
1133 4245 1172 4314 Β,
1200 4245 1227 4300 et

91 4355 141 4394 om.
163 4337 214 4392 Gal
