<?xml version="1.0" encoding="UTF-8"?>
<!DOCTYPE html PUBLIC "-//W3C//DTD XHTML 1.0 Transitional//EN"
    "http://www.w3.org/TR/xhtml1/DTD/xhtml1-transitional.dtd">
<html xmlns="http://www.w3.org/1999/xhtml" xml:lang="en" lang="en">
 <head>
  <title>
</title>
<meta http-equiv="Content-Type" content="text/html;charset=utf-8" />
  <meta name='ocr-system' content='tesseract 3.04.00' />
  <meta name='ocr-capabilities' content='ocr_page ocr_carea ocr_par ocr_line ocrx_word'/>
</head>
<body>
  <div class='ocr_page' id='page_1' title='image "./qvintiseptimifl00wissgoog_0249.png"; bbox 0 0 2820 4914; ppageno 0'>
   <div class='ocr_carea' id='block_1_1' title="bbox 171 383 1075 454">
    <p class='ocr_par' dir='ltr' id='par_1_1' title="bbox 171 383 1075 454">
     <span class='ocr_line' id='line_1_1' title="bbox 171 383 1075 454; baseline -0.001 -13"><span class='ocrx_word' id='word_1_1' title='bbox 171 384 235 449; x_wconf 83' lang='grc'>226</span> <span class='ocrx_word' id='word_1_2' title='bbox 398 383 512 450; x_wconf 84' lang='lat' dir='ltr'>Quinti</span> <span class='ocrx_word' id='word_1_3' title='bbox 530 384 668 454; x_wconf 78' lang='lat' dir='ltr'><strong>Septimi</strong></span> <span class='ocrx_word' id='word_1_4' title='bbox 685 384 854 439; x_wconf 69' lang='lat' dir='ltr'>Florentia</span> <span class='ocrx_word' id='word_1_5' title='bbox 872 385 1075 440; x_wconf 74' lang='lat' dir='ltr'>Tertulliani</span> 
     </span>
    </p>
   </div>
   <div class='ocr_carea' id='block_1_2' title="bbox 118 560 1306 2415">
    <p class='ocr_par' dir='ltr' id='par_1_2' title="bbox 118 560 1306 2415">
     <span class='ocr_line' id='line_1_2' title="bbox 170 560 1306 644; baseline 0 -19"><span class='ocrx_word' id='word_1_6' title='bbox 170 579 246 644; x_wconf 92' lang='lat' dir='ltr'>pora</span> <span class='ocrx_word' id='word_1_7' title='bbox 268 560 354 625; x_wconf 89' lang='lat' dir='ltr'>etin</span> <span class='ocrx_word' id='word_1_8' title='bbox 377 580 468 625; x_wconf 85' lang='lat' dir='ltr'>sexus</span> <span class='ocrx_word' id='word_1_9' title='bbox 491 560 574 626; x_wconf 89' lang='lat' dir='ltr'>ultra</span> <span class='ocrx_word' id='word_1_10' title='bbox 595 561 662 625; x_wconf 89' lang='lat' dir='ltr'>iura</span> <span class='ocrx_word' id='word_1_11' title='bbox 685 563 813 625; x_wconf 89' lang='lat' dir='ltr'>naturae</span> <span class='ocrx_word' id='word_1_12' title='bbox 837 579 899 625; x_wconf 90' lang='lat' dir='ltr'>non</span> <span class='ocrx_word' id='word_1_13' title='bbox 921 561 1013 625; x_wconf 92' lang='lat' dir='ltr'>modo</span> <span class='ocrx_word' id='word_1_14' title='bbox 1038 560 1167 641; x_wconf 91' lang='lat' dir='ltr'>limine,</span> <span class='ocrx_word' id='word_1_15' title='bbox 1201 579 1306 625; x_wconf 90' lang='lat' dir='ltr'>uerum</span> 
     </span>
     <span class='ocr_line' id='line_1_3' title="bbox 170 664 1304 747; baseline -0.002 -17"><span class='ocrx_word' id='word_1_16' title='bbox 170 666 256 730; x_wconf 91' lang='lat' dir='ltr'>omni</span> <span class='ocrx_word' id='word_1_17' title='bbox 279 665 428 729; x_wconf 86' lang='lat' dir='ltr'>eeclesiae</span> <span class='ocrx_word' id='word_1_18' title='bbox 451 667 532 729; x_wconf 88' lang='lat' dir='ltr'>tecto</span> <span class='ocrx_word' id='word_1_19' title='bbox 556 664 793 745; x_wconf 88' lang='lat' dir='ltr'>submonemus,</span> <span class='ocrx_word' id='word_1_20' title='bbox 822 665 895 747; x_wconf 91' lang='lat' dir='ltr'>quia</span> <span class='ocrx_word' id='word_1_21' title='bbox 918 683 980 729; x_wconf 94' lang='lat' dir='ltr'>non</span> <span class='ocrx_word' id='word_1_22' title='bbox 1002 668 1078 729; x_wconf 89' lang='lat' dir='ltr'>sunt</span> <span class='ocrx_word' id='word_1_23' title='bbox 1101 665 1232 746; x_wconf 87' lang='lat' dir='ltr'>delicta,</span> <span class='ocrx_word' id='word_1_24' title='bbox 1255 664 1304 729; x_wconf 88' lang='lat' dir='ltr'>sed</span> 
     </span>
     <span class='ocr_line' id='line_1_4' title="bbox 171 773 320 834; baseline 0.013 -2"><span class='ocrx_word' id='word_1_25' title='bbox 171 773 320 834; x_wconf 90' lang='lat' dir='ltr'>monstra.</span> 
     </span>
     <span class='ocr_line' id='line_1_5' title="bbox 212 872 1299 957; baseline 0.001 -20"><span class='ocrx_word' id='word_1_26' title='bbox 212 872 242 937; x_wconf 79' lang='lat' dir='ltr'>b.</span> <span class='ocrx_word' id='word_1_27' title='bbox 260 874 340 957; x_wconf 83' lang='lat' dir='ltr'>llrgo</span> <span class='ocrx_word' id='word_1_28' title='bbox 363 875 513 954; x_wconf 88' lang='lat' dir='ltr'>moechia,</span> <span class='ocrx_word' id='word_1_29' title='bbox 536 876 617 957; x_wconf 88' lang='lat' dir='ltr'>quod</span> <span class='ocrx_word' id='word_1_30' title='bbox 641 875 736 938; x_wconf 89' lang='lat' dir='ltr'>etiam</span> <span class='ocrx_word' id='word_1_31' title='bbox 758 874 969 938; x_wconf 87' lang='lat' dir='ltr'>fornicationis</span> <span class='ocrx_word' id='word_1_32' title='bbox 985 877 1034 938; x_wconf 88' lang='lat' dir='ltr'>est</span> <span class='ocrx_word' id='word_1_33' title='bbox 1048 892 1109 955; x_wconf 89' lang='lat' dir='ltr'>res,</span> <span class='ocrx_word' id='word_1_34' title='bbox 1135 874 1299 938; x_wconf 89' lang='lat' dir='ltr'>secundum</span> 
     </span>
     <span class='ocr_line' id='line_1_6' title="bbox 131 978 1299 1061; baseline -0.003 -18"><span class='ocrx_word' id='word_1_35' title='bbox 131 1005 143 1043; x_wconf 74' lang='lat' dir='ltr'>a</span> <span class='ocrx_word' id='word_1_36' title='bbox 170 997 246 1061; x_wconf 89' lang='lat' dir='ltr'>opus</span> <span class='ocrx_word' id='word_1_37' title='bbox 281 979 420 1042; x_wconf 89' lang='lat' dir='ltr'>oriminis</span> <span class='ocrx_word' id='word_1_38' title='bbox 454 979 564 1060; x_wconf 90' lang='lat' dir='ltr'>quanti</span> <span class='ocrx_word' id='word_1_39' title='bbox 598 978 794 1043; x_wconf 89' lang='lat' dir='ltr'>aestimanda</span> <span class='ocrx_word' id='word_1_40' title='bbox 823 979 864 1042; x_wconf 89' lang='lat' dir='ltr'>sit</span> <span class='ocrx_word' id='word_1_41' title='bbox 894 979 1017 1042; x_wconf 89' lang='lat' dir='ltr'>sceleris</span> <span class='ocrx_word' id='word_1_42' title='bbox 1046 979 1151 1061; x_wconf 90' lang='lat' dir='ltr'>prima</span> <span class='ocrx_word' id='word_1_43' title='bbox 1181 979 1229 1042; x_wconf 84' lang='lat' dir='ltr'>lex</span> <span class='ocrx_word' id='word_1_44' title='bbox 1257 978 1299 1041; x_wconf 91' lang='lat' dir='ltr'>dci</span> 
     </span>
     <span class='ocr_line' id='line_1_7' title="bbox 169 1082 1297 1166; baseline 0.001 -21"><span class='ocrx_word' id='word_1_45' title='bbox 169 1085 293 1166; x_wconf 89' lang='lat' dir='ltr'>praesto</span> <span class='ocrx_word' id='word_1_46' title='bbox 316 1085 371 1146; x_wconf 88' lang='lat' dir='ltr'>est.</span> <span class='ocrx_word' id='word_1_47' title='bbox 418 1083 570 1164; x_wconf 82' lang='lat' dir='ltr'>siquidem</span> <span class='ocrx_word' id='word_1_48' title='bbox 592 1086 665 1166; x_wconf 89' lang='lat' dir='ltr'>post</span> <span class='ocrx_word' id='word_1_49' title='bbox 686 1082 884 1147; x_wconf 78' lang='lat' dir='ltr'>interdictam</span> <span class='ocrx_word' id='word_1_50' title='bbox 907 1083 1080 1146; x_wconf 87' lang='lat' dir='ltr'>alienorum</span> <span class='ocrx_word' id='word_1_51' title='bbox 1103 1083 1232 1146; x_wconf 90' lang='lat' dir='ltr'>deorum</span> <span class='ocrx_word' id='word_1_52' title='bbox 1253 1101 1297 1145; x_wconf 93' lang='lat' dir='ltr'>su·</span> 
     </span>
     <span class='ocr_line' id='line_1_8' title="bbox 169 1185 1297 1270; baseline -0.002 -20"><span class='ocrx_word' id='word_1_53' title='bbox 169 1187 384 1269; x_wconf 88' lang='lat' dir='ltr'>perstitionem</span> <span class='ocrx_word' id='word_1_54' title='bbox 406 1187 605 1270; x_wconf 89' lang='lat' dir='ltr'>ipsorumque</span> <span class='ocrx_word' id='word_1_55' title='bbox 621 1187 773 1251; x_wconf 87' lang='lat' dir='ltr'>idolorum</span> <span class='ocrx_word' id='word_1_56' title='bbox 789 1185 1035 1266; x_wconf 82' lang='lat' dir='ltr'>fabricationem,</span> <span class='ocrx_word' id='word_1_57' title='bbox 1059 1189 1133 1268; x_wconf 89' lang='lat' dir='ltr'>post</span> <span class='ocrx_word' id='word_1_58' title='bbox 1149 1203 1297 1250; x_wconf 89' lang='lat' dir='ltr'>commcn-</span> 
     </span>
     <span class='ocr_line' id='line_1_9' title="bbox 170 1289 1295 1373; baseline -0.001 -20"><span class='ocrx_word' id='word_1_59' title='bbox 170 1291 276 1354; x_wconf 88' lang='lat' dir='ltr'>datam</span> <span class='ocrx_word' id='word_1_60' title='bbox 315 1289 438 1354; x_wconf 88' lang='lat' dir='ltr'>sabbati</span> <span class='ocrx_word' id='word_1_61' title='bbox 476 1291 725 1370; x_wconf 89' lang='lat' dir='ltr'>uenerationem,</span> <span class='ocrx_word' id='word_1_62' title='bbox 762 1293 833 1372; x_wconf 86' lang='lat' dir='ltr'>post</span> <span class='ocrx_word' id='word_1_63' title='bbox 869 1291 1057 1373; x_wconf 89' lang='lat' dir='ltr'>imperatam</span> <span class='ocrx_word' id='word_1_64' title='bbox 1092 1290 1127 1354; x_wconf 94' lang='lat' dir='ltr'>in</span> <span class='ocrx_word' id='word_1_65' title='bbox 1161 1292 1295 1373; x_wconf 86' lang='lat' dir='ltr'>parentes</span> 
     </span>
     <span class='ocr_line' id='line_1_10' title="bbox 170 1392 1296 1478; baseline -0.002 -20"><span class='ocrx_word' id='word_1_66' title='bbox 170 1394 340 1458; x_wconf 89' lang='lat' dir='ltr'>secundam</span> <span class='ocrx_word' id='word_1_67' title='bbox 363 1412 381 1457; x_wconf 89' lang='lat' dir='ltr'>a</span> <span class='ocrx_word' id='word_1_68' title='bbox 403 1394 460 1458; x_wconf 88' lang='lat' dir='ltr'>deo</span> <span class='ocrx_word' id='word_1_69' title='bbox 483 1394 663 1478; x_wconf 81' lang='lat' dir='ltr'>religionem</span> <span class='ocrx_word' id='word_1_70' title='bbox 687 1395 808 1458; x_wconf 88' lang='lat' dir='ltr'>nullum</span> <span class='ocrx_word' id='word_1_71' title='bbox 832 1394 916 1458; x_wconf 89' lang='lat' dir='ltr'>aliud</span> <span class='ocrx_word' id='word_1_72' title='bbox 938 1394 971 1458; x_wconf 92' lang='lat' dir='ltr'>in</span> <span class='ocrx_word' id='word_1_73' title='bbox 993 1393 1109 1458; x_wconf 88' lang='lat' dir='ltr'>talibus</span> <span class='ocrx_word' id='word_1_74' title='bbox 1133 1394 1231 1458; x_wconf 87' lang='lat' dir='ltr'>titulis</span> <span class='ocrx_word' id='word_1_75' title='bbox 1251 1392 1296 1456; x_wconf 87' lang='lat' dir='ltr'>fir·</span> 
     </span>
     <span class='ocr_line' id='line_1_11' title="bbox 119 1498 1296 1581; baseline -0.002 -17"><span class='ocrx_word' id='word_1_76' title='bbox 119 1526 143 1564; x_wconf 90' lang='lat'>10</span> <span class='ocrx_word' id='word_1_77' title='bbox 170 1498 292 1562; x_wconf 90' lang='lat' dir='ltr'>mandis</span> <span class='ocrx_word' id='word_1_78' title='bbox 316 1499 554 1580; x_wconf 88' lang='lat' dir='ltr'>muniendisque</span> <span class='ocrx_word' id='word_1_79' title='bbox 578 1498 751 1563; x_wconf 85' lang='lat' dir='ltr'>substruxit</span> <span class='ocrx_word' id='word_1_80' title='bbox 773 1502 973 1581; x_wconf 88' lang='lat' dir='ltr'>pracceptum</span> <span class='ocrx_word' id='word_1_81' title='bbox 1000 1516 1094 1580; x_wconf 91' lang='lat' dir='ltr'>quam</span> <span class='ocrx_word' id='word_1_82' title='bbox 1118 1517 1191 1562; x_wconf 90' lang='lat' dir='ltr'>non</span> <span class='ocrx_word' id='word_1_83' title='bbox 1213 1516 1296 1562; x_wconf 90' lang='lat' dir='ltr'>moe·</span> 
     </span>
     <span class='ocr_line' id='line_1_12' title="bbox 169 1601 1296 1687; baseline -0.001 -22"><span class='ocrx_word' id='word_1_84' title='bbox 169 1601 350 1666; x_wconf 91' lang='lat' dir='ltr'>chaberis.</span> <span class='ocrx_word' id='word_1_85' title='bbox 410 1606 481 1687; x_wconf 92' lang='lat' dir='ltr'>post</span> <span class='ocrx_word' id='word_1_86' title='bbox 511 1603 685 1685; x_wconf 88' lang='lat' dir='ltr'>spiritalem</span> <span class='ocrx_word' id='word_1_87' title='bbox 715 1602 799 1666; x_wconf 90' lang='lat' dir='ltr'>enim</span> <span class='ocrx_word' id='word_1_88' title='bbox 832 1603 1009 1667; x_wconf 78' lang='lat' dir='ltr'>casitatem</span> <span class='ocrx_word' id='word_1_89' title='bbox 1043 1603 1296 1683; x_wconf 84' lang='lat' dir='ltr'>sanctitatemque</span> 
     </span>
     <span class='ocr_line' id='line_1_13' title="bbox 169 1706 1297 1791; baseline -0.002 -21"><span class='ocrx_word' id='word_1_90' title='bbox 169 1707 335 1790; x_wconf 88' lang='lat' dir='ltr'>corporalis</span> <span class='ocrx_word' id='word_1_91' title='bbox 358 1706 546 1788; x_wconf 87' lang='lat' dir='ltr'>sequebatur</span> <span class='ocrx_word' id='word_1_92' title='bbox 560 1708 731 1791; x_wconf 90' lang='lat' dir='ltr'>integritas.</span> <span class='ocrx_word' id='word_1_93' title='bbox 768 1710 800 1771; x_wconf 89' lang='lat' dir='ltr'>ct</span> <span class='ocrx_word' id='word_1_94' title='bbox 815 1707 896 1771; x_wconf 90' lang='lat' dir='ltr'>hanc</span> <span class='ocrx_word' id='word_1_95' title='bbox 911 1707 1017 1788; x_wconf 89' lang='lat' dir='ltr'>itaque</span> <span class='ocrx_word' id='word_1_96' title='bbox 1031 1707 1169 1771; x_wconf 87' lang='lat' dir='ltr'>muniuit</span> <span class='ocrx_word' id='word_1_97' title='bbox 1182 1706 1297 1770; x_wconf 85' lang='lat' dir='ltr'>hostem</span> 
     </span>
     <span class='ocr_line' id='line_1_14' title="bbox 169 1809 1298 1893; baseline -0.002 -18"><span class='ocrx_word' id='word_1_98' title='bbox 169 1810 276 1875; x_wconf 89' lang='lat' dir='ltr'>statim</span> <span class='ocrx_word' id='word_1_99' title='bbox 300 1811 366 1874; x_wconf 87' lang='lat' dir='ltr'>eius</span> <span class='ocrx_word' id='word_1_100' title='bbox 388 1810 578 1893; x_wconf 85' lang='lat' dir='ltr'>prohibendo</span> <span class='ocrx_word' id='word_1_101' title='bbox 602 1812 784 1876; x_wconf 81' lang='lat' dir='ltr'>moechiam.</span> <span class='ocrx_word' id='word_1_102' title='bbox 831 1812 921 1892; x_wconf 88' lang='lat' dir='ltr'>quale</span> <span class='ocrx_word' id='word_1_103' title='bbox 944 1810 1094 1875; x_wconf 88' lang='lat' dir='ltr'>delictum</span> <span class='ocrx_word' id='word_1_104' title='bbox 1121 1812 1185 1875; x_wconf 91' lang='lat' dir='ltr'>iam</span> <span class='ocrx_word' id='word_1_105' title='bbox 1214 1809 1298 1874; x_wconf 91' lang='lat' dir='ltr'>intel·</span> 
     </span>
     <span class='ocr_line' id='line_1_15' title="bbox 168 1914 1299 1999; baseline -0.002 -20"><span class='ocrx_word' id='word_1_106' title='bbox 168 1916 247 1999; x_wconf 89' lang='lat' dir='ltr'>lege,</span> <span class='ocrx_word' id='word_1_107' title='bbox 270 1916 357 1978; x_wconf 90' lang='lat' dir='ltr'>cuius</span> <span class='ocrx_word' id='word_1_108' title='bbox 381 1915 599 1979; x_wconf 89' lang='lat' dir='ltr'>cohibitionem</span> <span class='ocrx_word' id='word_1_109' title='bbox 622 1918 693 1997; x_wconf 90' lang='lat' dir='ltr'>post</span> <span class='ocrx_word' id='word_1_110' title='bbox 715 1915 921 1979; x_wconf 87' lang='lat' dir='ltr'>idololatriam</span> <span class='ocrx_word' id='word_1_111' title='bbox 943 1914 1107 1978; x_wconf 90' lang='lat' dir='ltr'>ordinauit.</span> <span class='ocrx_word' id='word_1_112' title='bbox 1153 1915 1233 1979; x_wconf 90' lang='lat' dir='ltr'>nihil</span> <span class='ocrx_word' id='word_1_113' title='bbox 1256 1932 1299 1978; x_wconf 89' lang='lat' dir='ltr'>se·</span> 
     </span>
     <span class='ocr_line' id='line_1_16' title="bbox 118 2019 1299 2102; baseline -0.001 -19"><span class='ocrx_word' id='word_1_114' title='bbox 118 2045 143 2084; x_wconf 82' lang='lat'>15</span> <span class='ocrx_word' id='word_1_115' title='bbox 169 2019 304 2082; x_wconf 91' lang='lat' dir='ltr'>cundum</span> <span class='ocrx_word' id='word_1_116' title='bbox 327 2019 511 2102; x_wconf 83' lang='lat' dir='ltr'>longinquat</span> <span class='ocrx_word' id='word_1_117' title='bbox 534 2037 553 2082; x_wconf 91' lang='lat' dir='ltr'>a</span> <span class='ocrx_word' id='word_1_118' title='bbox 574 2020 682 2101; x_wconf 92' lang='lat' dir='ltr'>primo.</span> <span class='ocrx_word' id='word_1_119' title='bbox 719 2019 795 2083; x_wconf 92' lang='lat' dir='ltr'>nihil</span> <span class='ocrx_word' id='word_1_120' title='bbox 818 2022 883 2083; x_wconf 88' lang='lat' dir='ltr'>tam</span> <span class='ocrx_word' id='word_1_121' title='bbox 902 2019 1077 2100; x_wconf 83' lang='lat' dir='ltr'>proximum</span> <span class='ocrx_word' id='word_1_122' title='bbox 1091 2019 1196 2100; x_wconf 89' lang='lat' dir='ltr'>primo</span> <span class='ocrx_word' id='word_1_123' title='bbox 1212 2035 1299 2100; x_wconf 89' lang='lat' dir='ltr'>quam</span> 
     </span>
     <span class='ocr_line' id='line_1_17' title="bbox 169 2122 1299 2205; baseline -0.001 -20"><span class='ocrx_word' id='word_1_124' title='bbox 169 2122 350 2186; x_wconf 87' lang='lat' dir='ltr'>secundum.</span> <span class='ocrx_word' id='word_1_125' title='bbox 386 2123 467 2203; x_wconf 92' lang='lat' dir='ltr'>quod</span> <span class='ocrx_word' id='word_1_126' title='bbox 489 2122 524 2186; x_wconf 90' lang='lat' dir='ltr'>fit</span> <span class='ocrx_word' id='word_1_127' title='bbox 547 2141 583 2186; x_wconf 83' lang='lat' dir='ltr'>ex</span> <span class='ocrx_word' id='word_1_128' title='bbox 605 2122 715 2205; x_wconf 88' lang='lat' dir='ltr'>primo,</span> <span class='ocrx_word' id='word_1_129' title='bbox 739 2122 823 2186; x_wconf 89' lang='lat' dir='ltr'>aliud</span> <span class='ocrx_word' id='word_1_130' title='bbox 845 2122 1071 2204; x_wconf 91' lang='lat' dir='ltr'>quodammodo</span> <span class='ocrx_word' id='word_1_131' title='bbox 1093 2123 1235 2205; x_wconf 89' lang='lat' dir='ltr'>primum</span> <span class='ocrx_word' id='word_1_132' title='bbox 1248 2125 1299 2186; x_wconf 90' lang='lat' dir='ltr'>est.</span> 
     </span>
     <span class='ocr_line' id='line_1_18' title="bbox 169 2226 1300 2307; baseline 0.001 -18"><span class='ocrx_word' id='word_1_133' title='bbox 169 2227 273 2307; x_wconf 91' lang='lat' dir='ltr'>itaque</span> <span class='ocrx_word' id='word_1_134' title='bbox 296 2226 437 2290; x_wconf 91' lang='lat' dir='ltr'>moechia</span> <span class='ocrx_word' id='word_1_135' title='bbox 457 2227 568 2291; x_wconf 88' lang='lat' dir='ltr'>adfinis</span> <span class='ocrx_word' id='word_1_136' title='bbox 584 2226 784 2291; x_wconf 88' lang='lat' dir='ltr'>idololatriae.</span> <span class='ocrx_word' id='word_1_137' title='bbox 819 2245 893 2290; x_wconf 88' lang='lat' dir='ltr'>nam</span> <span class='ocrx_word' id='word_1_138' title='bbox 910 2230 941 2291; x_wconf 88' lang='lat' dir='ltr'>et</span> <span class='ocrx_word' id='word_1_139' title='bbox 955 2226 1131 2291; x_wconf 89' lang='lat' dir='ltr'>idololatria</span> <span class='ocrx_word' id='word_1_140' title='bbox 1146 2226 1300 2291; x_wconf 86' lang='lat' dir='ltr'>moechiae</span> 
     </span>
     <span class='ocr_line' id='line_1_19' title="bbox 168 2330 1300 2415; baseline 0 -21"><span class='ocrx_word' id='word_1_141' title='bbox 168 2330 294 2394; x_wconf 91' lang='lat' dir='ltr'>nomine</span> <span class='ocrx_word' id='word_1_142' title='bbox 324 2333 355 2394; x_wconf 89' lang='lat' dir='ltr'>et</span> <span class='ocrx_word' id='word_1_143' title='bbox 383 2330 596 2395; x_wconf 89' lang='lat' dir='ltr'>fornicationis</span> <span class='ocrx_word' id='word_1_144' title='bbox 626 2349 718 2414; x_wconf 90' lang='lat' dir='ltr'>saepe</span> <span class='ocrx_word' id='word_1_145' title='bbox 747 2331 860 2415; x_wconf 91' lang='lat' dir='ltr'>populo</span> <span class='ocrx_word' id='word_1_146' title='bbox 892 2330 1076 2414; x_wconf 84' lang='lat' dir='ltr'>exprobrata</span> <span class='ocrx_word' id='word_1_147' title='bbox 1106 2331 1204 2395; x_wconf 90' lang='lat' dir='ltr'>etiam</span> <span class='ocrx_word' id='word_1_148' title='bbox 1225 2333 1300 2395; x_wconf 86' lang='lat' dir='ltr'>sorte</span> 
     </span>
    </p>
   </div>
   <div class='ocr_carea' id='block_1_3' title="bbox 106 2433 1302 2936">
    <p class='ocr_par' dir='ltr' id='par_1_3' title="bbox 106 2433 1302 2936">
     <span class='ocr_line' id='line_1_20' title="bbox 106 2433 1302 2518; baseline 0.001 -21"><span class='ocrx_word' id='word_1_149' title='bbox 106 2485 108 2489; x_wconf 91' lang='lat'>.</span> <span class='ocrx_word' id='word_1_150' title='bbox 168 2434 372 2518; x_wconf 88' lang='lat' dir='ltr'>coniungetur</span> <span class='ocrx_word' id='word_1_151' title='bbox 402 2434 460 2514; x_wconf 92' lang='lat' dir='ltr'>illi,</span> <span class='ocrx_word' id='word_1_152' title='bbox 492 2435 573 2499; x_wconf 88' lang='lat' dir='ltr'>sicut</span> <span class='ocrx_word' id='word_1_153' title='bbox 603 2437 635 2498; x_wconf 92' lang='lat' dir='ltr'>et</span> <span class='ocrx_word' id='word_1_154' title='bbox 664 2434 757 2510; x_wconf 68' lang='lat' dir='ltr'>serim</span> <span class='ocrx_word' id='word_1_155' title='bbox 787 2435 881 2499; x_wconf 90' lang='lat' dir='ltr'>ctiam</span> <span class='ocrx_word' id='word_1_156' title='bbox 904 2435 1104 2499; x_wconf 88' lang='lat' dir='ltr'>damnatione</span> <span class='ocrx_word' id='word_1_157' title='bbox 1127 2433 1302 2500; x_wconf 87' lang='lat' dir='ltr'>cohaerebit</span> 
     </span>
     <span class='ocr_line' id='line_1_21' title="bbox 117 2538 1301 2622; baseline -0.001 -18"><span class='ocrx_word' id='word_1_158' title='bbox 117 2566 142 2605; x_wconf 84' lang='grc' dir='ltr'>1ο</span> <span class='ocrx_word' id='word_1_159' title='bbox 168 2538 223 2619; x_wconf 91' lang='lat' dir='ltr'>illi,</span> <span class='ocrx_word' id='word_1_160' title='bbox 255 2539 335 2602; x_wconf 89' lang='lat' dir='ltr'>sient</span> <span class='ocrx_word' id='word_1_161' title='bbox 358 2542 389 2602; x_wconf 90' lang='lat' dir='ltr'>et</span> <span class='ocrx_word' id='word_1_162' title='bbox 412 2538 620 2621; x_wconf 88' lang='lat' dir='ltr'>dispositione.</span> <span class='ocrx_word' id='word_1_163' title='bbox 666 2557 701 2603; x_wconf 92' lang='lat' dir='ltr'>co</span> <span class='ocrx_word' id='word_1_164' title='bbox 725 2539 860 2622; x_wconf 89' lang='lat' dir='ltr'>amplius</span> <span class='ocrx_word' id='word_1_165' title='bbox 882 2539 1088 2622; x_wconf 88' lang='lat' dir='ltr'>praemittens</span> <span class='ocrx_word' id='word_1_166' title='bbox 1116 2557 1191 2604; x_wconf 91' lang='lat' dir='ltr'>non</span> <span class='ocrx_word' id='word_1_167' title='bbox 1213 2558 1301 2604; x_wconf 93' lang='lat' dir='ltr'>moe·</span> 
     </span>
     <span class='ocr_line' id='line_1_22' title="bbox 168 2642 1301 2726; baseline 0.003 -21"><span class='ocrx_word' id='word_1_168' title='bbox 168 2642 356 2722; x_wconf 75' lang='lat' dir='ltr'>chaberiS,</span> <span class='ocrx_word' id='word_1_169' title='bbox 394 2642 536 2726; x_wconf 88' lang='lat' dir='ltr'>adiungit</span> <span class='ocrx_word' id='word_1_170' title='bbox 568 2661 638 2707; x_wconf 92' lang='lat' dir='ltr'>non</span> <span class='ocrx_word' id='word_1_171' title='bbox 668 2643 824 2707; x_wconf 88' lang='lat' dir='ltr'>occides.</span> <span class='ocrx_word' id='word_1_172' title='bbox 878 2643 1043 2707; x_wconf 88' lang='lat' dir='ltr'>honorauit</span> <span class='ocrx_word' id='word_1_173' title='bbox 1076 2644 1185 2725; x_wconf 90' lang='lat' dir='ltr'>itaque</span> <span class='ocrx_word' id='word_1_174' title='bbox 1222 2661 1301 2708; x_wconf 91' lang='lat' dir='ltr'>moe·</span> 
     </span>
     <span class='ocr_line' id='line_1_23' title="bbox 167 2746 1299 2830; baseline 0.003 -21"><span class='ocrx_word' id='word_1_175' title='bbox 167 2746 283 2826; x_wconf 91' lang='lat' dir='ltr'>chiam,</span> <span class='ocrx_word' id='word_1_176' title='bbox 315 2764 409 2827; x_wconf 91' lang='lat' dir='ltr'>quam</span> <span class='ocrx_word' id='word_1_177' title='bbox 439 2746 604 2810; x_wconf 92' lang='lat' dir='ltr'>homicidio</span> <span class='ocrx_word' id='word_1_178' title='bbox 643 2748 817 2830; x_wconf 85' lang='lat' dir='ltr'>anteponit,</span> <span class='ocrx_word' id='word_1_179' title='bbox 860 2747 892 2811; x_wconf 94' lang='lat' dir='ltr'>in</span> <span class='ocrx_word' id='word_1_180' title='bbox 925 2748 1027 2830; x_wconf 91' lang='lat' dir='ltr'>prima</span> <span class='ocrx_word' id='word_1_181' title='bbox 1059 2748 1170 2830; x_wconf 90' lang='lat' dir='ltr'>utique</span> <span class='ocrx_word' id='word_1_182' title='bbox 1205 2749 1299 2812; x_wconf 84' lang='lat' dir='ltr'>fronte</span> 
     </span>
     <span class='ocr_line' id='line_1_24' title="bbox 168 2850 1299 2936; baseline 0.003 -23"><span class='ocrx_word' id='word_1_183' title='bbox 168 2850 383 2914; x_wconf 88' lang='lat' dir='ltr'>sanctissimae</span> <span class='ocrx_word' id='word_1_184' title='bbox 398 2850 487 2933; x_wconf 88' lang='lat' dir='ltr'>legis,</span> <span class='ocrx_word' id='word_1_185' title='bbox 510 2850 666 2932; x_wconf 87' lang='lat' dir='ltr'>inprimis</span> <span class='ocrx_word' id='word_1_186' title='bbox 682 2851 782 2915; x_wconf 90' lang='lat' dir='ltr'>titulis</span> <span class='ocrx_word' id='word_1_187' title='bbox 798 2851 942 2916; x_wconf 88' lang='lat' dir='ltr'>caelestis</span> <span class='ocrx_word' id='word_1_188' title='bbox 958 2852 1059 2933; x_wconf 88' lang='lat' dir='ltr'>edicti,</span> <span class='ocrx_word' id='word_1_189' title='bbox 1081 2852 1299 2936; x_wconf 83' lang='lat' dir='ltr'>principalium</span> 
     </span>
    </p>
   </div>
   <div class='ocr_carea' id='block_1_4' title="bbox 114 2953 1298 3874">
    <p class='ocr_par' dir='ltr' id='par_1_4' title="bbox 114 2953 1298 3874">
     <span class='ocr_line' id='line_1_25' title="bbox 167 2953 1298 3038; baseline 0.002 -22"><span class='ocrx_word' id='word_1_190' title='bbox 167 2954 273 3035; x_wconf 90' lang='lat' dir='ltr'>ntique</span> <span class='ocrx_word' id='word_1_191' title='bbox 296 2953 479 3018; x_wconf 90' lang='lat' dir='ltr'>delictorum</span> <span class='ocrx_word' id='word_1_192' title='bbox 500 2955 724 3038; x_wconf 89' lang='lat' dir='ltr'>proscriptione</span> <span class='ocrx_word' id='word_1_193' title='bbox 748 2955 915 3038; x_wconf 90' lang='lat' dir='ltr'>signatam.</span> <span class='ocrx_word' id='word_1_194' title='bbox 954 2956 1078 3021; x_wconf 91' lang='lat' dir='ltr'>deloco</span> <span class='ocrx_word' id='word_1_195' title='bbox 1102 2956 1244 3037; x_wconf 92' lang='lat' dir='ltr'>modum,</span> <span class='ocrx_word' id='word_1_196' title='bbox 1265 2956 1298 3019; x_wconf 91' lang='lat' dir='ltr'>de</span> 
     </span>
     <span class='ocr_line' id='line_1_26' title="bbox 116 3056 1298 3143; baseline 0.001 -21"><span class='ocrx_word' id='word_1_197' title='bbox 116 3085 141 3123; x_wconf 75' lang='grc'>11</span> <span class='ocrx_word' id='word_1_198' title='bbox 168 3056 274 3121; x_wconf 90' lang='lat' dir='ltr'>ordine</span> <span class='ocrx_word' id='word_1_199' title='bbox 297 3061 424 3137; x_wconf 90' lang='lat' dir='ltr'>statum,</span> <span class='ocrx_word' id='word_1_200' title='bbox 448 3058 485 3121; x_wconf 95' lang='lat' dir='ltr'>de</span> <span class='ocrx_word' id='word_1_201' title='bbox 508 3058 639 3123; x_wconf 89' lang='lat' dir='ltr'>confinio</span> <span class='ocrx_word' id='word_1_202' title='bbox 663 3060 811 3123; x_wconf 88' lang='lat' dir='ltr'>meritum</span> <span class='ocrx_word' id='word_1_203' title='bbox 834 3060 980 3140; x_wconf 88' lang='lat' dir='ltr'>cuiusque</span> <span class='ocrx_word' id='word_1_204' title='bbox 1000 3059 1177 3143; x_wconf 83' lang='lat' dir='ltr'>dignoscas.</span> <span class='ocrx_word' id='word_1_205' title='bbox 1213 3063 1298 3126; x_wconf 87' lang='lat' dir='ltr'>estet</span> 
     </span>
     <span class='ocr_line' id='line_1_27' title="bbox 167 3161 1296 3253; baseline 0.004 -29"><span class='ocrx_word' id='word_1_206' title='bbox 167 3161 242 3224; x_wconf 91' lang='lat' dir='ltr'>mali</span> <span class='ocrx_word' id='word_1_207' title='bbox 265 3161 411 3244; x_wconf 90' lang='lat' dir='ltr'>dignitas,</span> <span class='ocrx_word' id='word_1_208' title='bbox 442 3161 524 3244; x_wconf 93' lang='lat' dir='ltr'>quod</span> <span class='ocrx_word' id='word_1_209' title='bbox 549 3162 583 3226; x_wconf 91' lang='lat' dir='ltr'>in</span> <span class='ocrx_word' id='word_1_210' title='bbox 606 3182 728 3228; x_wconf 89' lang='lat' dir='ltr'>summo</span> <span class='ocrx_word' id='word_1_211' title='bbox 752 3164 861 3228; x_wconf 90' lang='lat' dir='ltr'>autin</span> <span class='ocrx_word' id='word_1_212' title='bbox 884 3164 986 3253; x_wconf 90' lang='lat' dir='ltr'>medic</span> <span class='ocrx_word' id='word_1_213' title='bbox 1008 3164 1221 3247; x_wconf 87' lang='lat' dir='ltr'>pessimorum</span> <span class='ocrx_word' id='word_1_214' title='bbox 1242 3165 1296 3229; x_wconf 94' lang='lat' dir='ltr'>col·</span> 
     </span>
     <span class='ocr_line' id='line_1_28' title="bbox 166 3266 1294 3352; baseline 0.005 -23"><span class='ocrx_word' id='word_1_215' title='bbox 166 3266 294 3330; x_wconf 86' lang='lat' dir='ltr'>locatur.</span> <span class='ocrx_word' id='word_1_216' title='bbox 327 3285 475 3350; x_wconf 89' lang='lat' dir='ltr'>pompam</span> <span class='ocrx_word' id='word_1_217' title='bbox 499 3268 655 3349; x_wconf 87' lang='lat' dir='ltr'>quandam</span> <span class='ocrx_word' id='word_1_218' title='bbox 678 3271 770 3350; x_wconf 88' lang='lat' dir='ltr'>atque</span> <span class='ocrx_word' id='word_1_219' title='bbox 794 3271 978 3352; x_wconf 88' lang='lat' dir='ltr'>suggestum</span> <span class='ocrx_word' id='word_1_220' title='bbox 997 3267 1115 3351; x_wconf 89' lang='lat' dir='ltr'>aspicio</span> <span class='ocrx_word' id='word_1_221' title='bbox 1130 3269 1294 3349; x_wconf 84' lang='lat' dir='ltr'>moechiae,</span> 
     </span>
     <span class='ocr_line' id='line_1_29' title="bbox 167 3369 1294 3452; baseline 0.003 -18"><span class='ocrx_word' id='word_1_222' title='bbox 167 3369 239 3434; x_wconf 89' lang='lat' dir='ltr'>hinc</span> <span class='ocrx_word' id='word_1_223' title='bbox 261 3369 407 3435; x_wconf 88' lang='lat' dir='ltr'>ducatum</span> <span class='ocrx_word' id='word_1_224' title='bbox 431 3371 622 3437; x_wconf 88' lang='lat' dir='ltr'>idololatriae</span> <span class='ocrx_word' id='word_1_225' title='bbox 645 3373 872 3452; x_wconf 88' lang='lat' dir='ltr'>antecedentis,</span> <span class='ocrx_word' id='word_1_226' title='bbox 899 3373 971 3436; x_wconf 92' lang='lat' dir='ltr'>hinc</span> <span class='ocrx_word' id='word_1_227' title='bbox 994 3372 1182 3438; x_wconf 88' lang='lat' dir='ltr'>comitatum</span> <span class='ocrx_word' id='word_1_228' title='bbox 1204 3373 1294 3439; x_wconf 92' lang='lat' dir='ltr'>homi·</span> 
     </span>
     <span class='ocr_line' id='line_1_30' title="bbox 167 3474 1292 3558; baseline 0.002 -21"><span class='ocrx_word' id='word_1_229' title='bbox 167 3474 236 3537; x_wconf 93' lang='lat' dir='ltr'>oidii</span> <span class='ocrx_word' id='word_1_230' title='bbox 258 3474 458 3557; x_wconf 86' lang='lat' dir='ltr'>insequentis.</span> <span class='ocrx_word' id='word_1_231' title='bbox 504 3476 585 3540; x_wconf 90' lang='lat' dir='ltr'>inter</span> <span class='ocrx_word' id='word_1_232' title='bbox 607 3477 683 3540; x_wconf 93' lang='lat' dir='ltr'>duos</span> <span class='ocrx_word' id='word_1_233' title='bbox 707 3477 809 3558; x_wconf 87' lang='lat' dir='ltr'>apices</span> <span class='ocrx_word' id='word_1_234' title='bbox 832 3477 1004 3541; x_wconf 90' lang='lat' dir='ltr'>facinorum</span> <span class='ocrx_word' id='word_1_235' title='bbox 1035 3477 1292 3543; x_wconf 89' lang='lat' dir='ltr'>eminentissimos</span> 
     </span>
     <span class='ocr_line' id='line_1_31' title="bbox 114 3579 1293 3664; baseline 0.003 -21"><span class='ocrx_word' id='word_1_236' title='bbox 114 3604 140 3643; x_wconf 83' lang='lat' dir='ltr'>eo</span> <span class='ocrx_word' id='word_1_237' title='bbox 167 3579 233 3642; x_wconf 91' lang='lat' dir='ltr'>siue</span> <span class='ocrx_word' id='word_1_238' title='bbox 256 3579 349 3643; x_wconf 90' lang='lat' dir='ltr'>dubio</span> <span class='ocrx_word' id='word_1_239' title='bbox 372 3580 466 3663; x_wconf 90' lang='lat' dir='ltr'>digna</span> <span class='ocrx_word' id='word_1_240' title='bbox 488 3580 638 3660; x_wconf 91' lang='lat' dir='ltr'>consedit,</span> <span class='ocrx_word' id='word_1_241' title='bbox 662 3582 693 3644; x_wconf 87' lang='lat' dir='ltr'>et</span> <span class='ocrx_word' id='word_1_242' title='bbox 715 3599 770 3664; x_wconf 90' lang='lat' dir='ltr'>per</span> <span class='ocrx_word' id='word_1_243' title='bbox 792 3581 931 3645; x_wconf 89' lang='lat' dir='ltr'>medinm</span> <span class='ocrx_word' id='word_1_244' title='bbox 954 3598 1061 3645; x_wconf 91' lang='lat' dir='ltr'>eorum</span> <span class='ocrx_word' id='word_1_245' title='bbox 1081 3583 1175 3664; x_wconf 87' lang='lat' dir='ltr'>quasi</span> <span class='ocrx_word' id='word_1_246' title='bbox 1189 3599 1293 3647; x_wconf 85' lang='lat' dir='ltr'>uacan-</span> 
     </span>
     <span class='ocr_line' id='line_1_32' title="bbox 165 3683 1292 3768; baseline 0.002 -22"><span class='ocrx_word' id='word_1_247' title='bbox 165 3686 231 3746; x_wconf 88' lang='lat' dir='ltr'>tem</span> <span class='ocrx_word' id='word_1_248' title='bbox 259 3683 362 3747; x_wconf 88' lang='lat' dir='ltr'>locum</span> <span class='ocrx_word' id='word_1_249' title='bbox 384 3685 452 3766; x_wconf 89' lang='lat' dir='ltr'>pari</span> <span class='ocrx_word' id='word_1_250' title='bbox 474 3683 613 3747; x_wconf 89' lang='lat' dir='ltr'>criminis</span> <span class='ocrx_word' id='word_1_251' title='bbox 637 3684 819 3748; x_wconf 87' lang='lat' dir='ltr'>auctoritate</span> <span class='ocrx_word' id='word_1_252' title='bbox 841 3684 1018 3768; x_wconf 87' lang='lat' dir='ltr'>compleuit.</span> <span class='ocrx_word' id='word_1_253' title='bbox 1064 3685 1137 3768; x_wconf 91' lang='lat' dir='ltr'>quis</span> <span class='ocrx_word' id='word_1_254' title='bbox 1161 3704 1232 3751; x_wconf 90' lang='lat' dir='ltr'>eam</span> <span class='ocrx_word' id='word_1_255' title='bbox 1251 3689 1292 3748; x_wconf 89' lang='lat' dir='ltr'>ta·</span> 
     </span>
     <span class='ocr_line' id='line_1_33' title="bbox 165 3786 1293 3874; baseline 0.003 -25"><span class='ocrx_word' id='word_1_256' title='bbox 165 3786 247 3850; x_wconf 89' lang='lat' dir='ltr'>libus</span> <span class='ocrx_word' id='word_1_257' title='bbox 269 3786 419 3851; x_wconf 85' lang='lat' dir='ltr'>lateribus</span> <span class='ocrx_word' id='word_1_258' title='bbox 441 3788 610 3874; x_wconf 79' lang='lat' dir='ltr'>inclusam,</span> <span class='ocrx_word' id='word_1_259' title='bbox 641 3788 756 3853; x_wconf 88' lang='lat' dir='ltr'>talibus</span> <span class='ocrx_word' id='word_1_260' title='bbox 779 3789 871 3854; x_wconf 88' lang='lat' dir='ltr'>costis</span> <span class='ocrx_word' id='word_1_261' title='bbox 895 3788 1126 3855; x_wconf 80' lang='lat' dir='ltr'>chcnmfnltam</span> <span class='ocrx_word' id='word_1_262' title='bbox 1149 3809 1169 3855; x_wconf 92' lang='lat' dir='ltr'>a</span> <span class='ocrx_word' id='word_1_263' title='bbox 1191 3790 1293 3856; x_wconf 89' lang='lat' dir='ltr'>cohae-</span> 
     </span>
    </p>
   </div>
   <div class='ocr_carea' id='block_1_5' title="bbox 269 3931 489 4001">
    <p class='ocr_par' dir='ltr' id='par_1_5' title="bbox 269 3931 489 4001">
     <span class='ocr_line' id='line_1_34' title="bbox 269 3931 489 4001; baseline 0 -15"><span class='ocrx_word' id='word_1_264' title='bbox 269 3931 489 4001; x_wconf 67' lang='lat' dir='ltr'>mmmm</span> 
     </span>
    </p>
   </div>
   <div class='ocr_carea' id='block_1_6' title="bbox 164 4061 1295 4391">
    <p class='ocr_par' dir='ltr' id='par_1_6' title="bbox 164 4061 1295 4391">
     <span class='ocr_line' id='line_1_35' title="bbox 209 4061 1293 4132; baseline 0.001 -14"><span class='ocrx_word' id='word_1_265' title='bbox 209 4065 241 4118; x_wconf 91' lang='grc'><strong>10</strong></span> <span class='ocrx_word' id='word_1_266' title='bbox 260 4061 462 4132; x_wconf 89' lang='lat' dir='ltr'>muniendisque</span> <span class='ocrx_word' id='word_1_267' title='bbox 475 4064 544 4118; x_wconf 84' lang='lat' dir='ltr'>Lat:</span> <span class='ocrx_word' id='word_1_268' title='bbox 562 4063 751 4132; x_wconf 88' lang='lat' dir='ltr'>monendisque</span> <span class='ocrx_word' id='word_1_269' title='bbox 769 4067 797 4120; x_wconf 99' lang='grc' dir='ltr'><strong><em>Β</em></strong></span> <span class='ocrx_word' id='word_1_270' title='bbox 851 4068 883 4122; x_wconf 91' lang='grc'>12</span> <span class='ocrx_word' id='word_1_271' title='bbox 901 4065 970 4120; x_wconf 89' lang='lat' dir='ltr'>hanc</span> <span class='ocrx_word' id='word_1_272' title='bbox 990 4065 1053 4122; x_wconf 74' lang='lat' dir='ltr'>ceo:</span> <span class='ocrx_word' id='word_1_273' title='bbox 1070 4066 1143 4120; x_wconf 89' lang='lat' dir='ltr'>huuc</span> <span class='ocrx_word' id='word_1_274' title='bbox 1161 4068 1189 4122; x_wconf 91' lang='grc' dir='ltr'><strong><em>Β</em></strong></span> <span class='ocrx_word' id='word_1_275' title='bbox 1241 4082 1293 4121; x_wconf 90' lang='lat' dir='ltr'>mu·</span> 
     </span>
     <span class='ocr_line' id='line_1_36' title="bbox 165 4147 1295 4222; baseline 0.005 -22"><span class='ocrx_word' id='word_1_276' title='bbox 165 4147 233 4202; x_wconf 90' lang='lat' dir='ltr'>niuit</span> <span class='ocrx_word' id='word_1_277' title='bbox 252 4148 475 4204; x_wconf 69' lang='lat' dir='ltr'>cosmendin</span> <span class='ocrx_word' id='word_1_278' title='bbox 529 4151 561 4205; x_wconf 87' lang='lat'>18</span> <span class='ocrx_word' id='word_1_279' title='bbox 579 4152 649 4204; x_wconf 89' lang='lat' dir='ltr'>sorte</span> <span class='ocrx_word' id='word_1_280' title='bbox 669 4151 731 4205; x_wconf 77' lang='lat' dir='ltr'>ceo:</span> <span class='ocrx_word' id='word_1_281' title='bbox 748 4150 817 4204; x_wconf 85' lang='lat' dir='ltr'>forte</span> <span class='ocrx_word' id='word_1_282' title='bbox 834 4152 861 4205; x_wconf 94' lang='grc' dir='ltr'><strong><em>Β</em></strong></span> <span class='ocrx_word' id='word_1_283' title='bbox 913 4154 944 4208; x_wconf 92' lang='grc'>21</span> <span class='ocrx_word' id='word_1_284' title='bbox 963 4151 1106 4206; x_wconf 87' lang='lat' dir='ltr'>honorauit</span> <span class='ocrx_word' id='word_1_285' title='bbox 1122 4153 1215 4222; x_wconf 87' lang='lat' dir='ltr'>itaque</span> <span class='ocrx_word' id='word_1_286' title='bbox 1231 4155 1295 4209; x_wconf 84' lang='lat' dir='ltr'>Lot:</span> 
     </span>
     <span class='ocr_line' id='line_1_37' title="bbox 164 4227 1295 4310; baseline 0.005 -22"><span class='ocrx_word' id='word_1_287' title='bbox 164 4235 285 4288; x_wconf 89' lang='lat' dir='ltr'>onerauit</span> <span class='ocrx_word' id='word_1_288' title='bbox 302 4236 392 4303; x_wconf 89' lang='lat' dir='ltr'>utique</span> <span class='ocrx_word' id='word_1_289' title='bbox 410 4236 445 4302; x_wconf 90' lang='lat' dir='ltr'>B,</span> <span class='ocrx_word' id='word_1_290' title='bbox 464 4236 584 4289; x_wconf 89' lang='lat' dir='ltr'>onerauit</span> <span class='ocrx_word' id='word_1_291' title='bbox 602 4237 690 4304; x_wconf 89' lang='lat' dir='ltr'>itaque</span> <span class='ocrx_word' id='word_1_292' title='bbox 710 4237 760 4292; x_wconf 81' lang='lat' dir='ltr'>Gcl</span> <span class='ocrx_word' id='word_1_293' title='bbox 828 4241 862 4294; x_wconf 92' lang='grc'>22</span> <span class='ocrx_word' id='word_1_294' title='bbox 881 4227 972 4306; x_wconf 81' lang='lat' dir='ltr'>utique</span> <span class='ocrx_word' id='word_1_295' title='bbox 990 4242 1058 4294; x_wconf 80' lang='lat' dir='ltr'>Iac:</span> <span class='ocrx_word' id='word_1_296' title='bbox 1078 4240 1171 4309; x_wconf 86' lang='lat' dir='ltr'>itaque</span> <span class='ocrx_word' id='word_1_297' title='bbox 1188 4242 1225 4310; x_wconf 91' lang='lat' dir='ltr'>B,</span> <span class='ocrx_word' id='word_1_298' title='bbox 1242 4239 1295 4295; x_wconf 87' lang='lat' dir='ltr'>ubi·</span> 
     </span>
     <span class='ocr_line' id='line_1_38' title="bbox 164 4321 538 4391; baseline 0.016 -18"><span class='ocrx_word' id='word_1_299' title='bbox 164 4321 258 4387; x_wconf 63' lang='lat' dir='ltr'>quet*</span> <span class='ocrx_word' id='word_1_300' title='bbox 307 4326 342 4378; x_wconf 83' lang='grc'>24</span> <span class='ocrx_word' id='word_1_301' title='bbox 360 4323 466 4391; x_wconf 84' lang='lat' dir='ltr'>signata</span> <span class='ocrx_word' id='word_1_302' title='bbox 486 4325 538 4379; x_wconf 83' lang='lat' dir='ltr'>Urs</span> 
     </span>
    </p>
   </div>
   <div class='ocr_carea' id='block_1_7' title="bbox 0 0 1415 4914">
    <p class='ocr_par' dir='ltr' id='par_1_7' title="bbox 0 0 1415 4914">
     <span class='ocr_line' id='line_1_39' title="bbox 0 0 1415 4914; baseline 0 0"><span class='ocrx_word' id='word_1_303' title='bbox 0 0 1415 4914; x_wconf 95' lang='lat' dir='ltr'> </span> 
     </span>
    </p>
   </div>
  </div>
 </body>
</html>
